participant_id,participant_order_group,run_start_iso,session_tag,condition_index,factor_condition_id,block_number,condition_block_index,blocks_per_condition,technique,technique_order_index,technique_block_condition_index,size_level,radius_px,spacing_level,min_sep_px,num_targets,canvas_w,canvas_h,trial_in_block,global_trial_number,goal_target_id,goal_x,goal_y,prev_goal_x,prev_goal_y,A_px,W_px,ID_bits,time_ms,wrong_target_clicks,miss_clicks,total_errors,path_length_px,throughput_bps,trial_start_timestamp_ms,trial_end_timestamp_ms,last_click_x,last_click_y,captured_target_id_correct_click
1,1,2026-03-06T20:42:16.147Z,20260306_154216,0,BUBBLE_S_MED,1,1,3,BUBBLE,0,0,S,10,MED,18,30,960,500,1,1,5,439.582,143.723,480,250,113.703,20,2.741,1124,0,0,0,311.428,2.439,1772829747267,1772829748391,442,151.125,5
1,1,2026-03-06T20:42:16.147Z,20260306_154216,0,BUBBLE_S_MED,1,1,3,BUBBLE,0,0,S,10,MED,18,30,960,500,2,2,2,658.497,66.004,439.582,143.723,232.301,20,3.657,923,0,0,0,248.729,3.962,1772829748392,1772829749315,658,67.125,2
1,1,2026-03-06T20:42:16.147Z,20260306_154216,0,BUBBLE_S_MED,1,1,3,BUBBLE,0,0,S,10,MED,18,30,960,500,3,3,3,494.924,253.921,658.497,66.004,249.137,20,3.75,899,0,0,0,230.131,4.172,1772829749315,1772829750214,511,237.125,3
1,1,2026-03-06T20:42:16.147Z,20260306_154216,0,BUBBLE_S_MED,1,1,3,BUBBLE,0,0,S,10,MED,18,30,960,500,4,4,7,875.883,372.234,494.924,253.921,398.908,20,4.389,937,0,0,0,395.9,4.684,1772829750214,1772829751151,842,360.125,7
1,1,2026-03-06T20:42:16.147Z,20260306_154216,0,BUBBLE_S_MED,1,1,3,BUBBLE,0,0,S,10,MED,18,30,960,500,5,5,19,799.288,121.037,875.883,372.234,262.615,20,3.821,795,0,0,0,285.632,4.806,1772829751151,1772829751946,823,109.125,19
1,1,2026-03-06T20:42:16.147Z,20260306_154216,0,BUBBLE_S_MED,2,2,3,BUBBLE,0,0,S,10,MED,18,30,960,500,1,6,23,161.813,249.739,480,250,318.187,20,4.08,1064,0,0,0,397.74,3.834,1772829752773,1772829753837,177,249.125,23
1,1,2026-03-06T20:42:16.147Z,20260306_154216,0,BUBBLE_S_MED,2,2,3,BUBBLE,0,0,S,10,MED,18,30,960,500,2,7,13,286.25,377.506,161.813,249.739,178.351,20,3.31,866,0,0,0,206.745,3.822,1772829753837,1772829754703,272,344.125,13
1,1,2026-03-06T20:42:16.147Z,20260306_154216,0,BUBBLE_S_MED,2,2,3,BUBBLE,0,0,S,10,MED,18,30,960,500,3,8,17,173.479,332.531,286.25,377.506,121.409,20,2.822,619,0,0,0,127.229,4.559,1772829754703,1772829755322,194,339.125,17
1,1,2026-03-06T20:42:16.147Z,20260306_154216,0,BUBBLE_S_MED,2,2,3,BUBBLE,0,0,S,10,MED,18,30,960,500,4,9,2,439.547,383.933,173.479,332.531,270.988,20,3.863,801,0,0,0,211.761,4.823,1772829755322,1772829756123,393,377.125,2
1,1,2026-03-06T20:42:16.147Z,20260306_154216,0,BUBBLE_S_MED,2,2,3,BUBBLE,0,0,S,10,MED,18,30,960,500,5,10,17,173.479,332.531,439.547,383.933,270.988,20,3.863,743,0,0,0,235.129,5.199,1772829756123,1772829756866,182,329.125,17
1,1,2026-03-06T20:42:16.147Z,20260306_154216,0,BUBBLE_S_MED,3,3,3,BUBBLE,0,0,S,10,MED,18,30,960,500,1,11,4,835.422,318.096,480,250,361.887,20,4.255,958,0,0,0,480.987,4.442,1772829757528,1772829758486,775,325.125,4
1,1,2026-03-06T20:42:16.147Z,20260306_154216,0,BUBBLE_S_MED,3,3,3,BUBBLE,0,0,S,10,MED,18,30,960,500,2,12,26,138.346,139.329,835.422,318.096,719.634,20,5.209,1028,0,0,0,674.738,5.067,1772829758486,1772829759514,143,124.125,26
1,1,2026-03-06T20:42:16.147Z,20260306_154216,0,BUBBLE_S_MED,3,3,3,BUBBLE,0,0,S,10,MED,18,30,960,500,3,13,18,56.067,39.056,138.346,139.329,129.71,20,2.904,691,0,0,0,118.482,4.203,1772829759514,1772829760205,90,66.125,18
1,1,2026-03-06T20:42:16.147Z,20260306_154216,0,BUBBLE_S_MED,3,3,3,BUBBLE,0,0,S,10,MED,18,30,960,500,4,14,0,617.816,377.688,56.067,39.056,655.922,20,5.079,900,0,0,0,656.871,5.643,1772829760205,1772829761105,615,407.125,0
1,1,2026-03-06T20:42:16.147Z,20260306_154216,0,BUBBLE_S_MED,3,3,3,BUBBLE,0,0,S,10,MED,18,30,960,500,5,15,7,34.463,446.36,617.816,377.688,587.381,20,4.925,1003,0,0,0,536.441,4.91,1772829761105,1772829762108,99,434.125,7
1,1,2026-03-06T20:42:16.147Z,20260306_154216,1,BUBBLE_M_MED,4,1,3,BUBBLE,0,1,M,16,MED,18,30,960,500,1,16,12,656.128,438.454,480,250,257.946,32,3.18,1050,0,0,0,353.206,3.028,1772829763461,1772829764511,651,436.125,12
1,1,2026-03-06T20:42:16.147Z,20260306_154216,1,BUBBLE_M_MED,4,1,3,BUBBLE,0,1,M,16,MED,18,30,960,500,2,17,15,212.125,114.416,656.128,438.454,549.672,32,4.184,997,0,0,0,496.793,4.197,1772829764511,1772829765508,257,151.125,15
1,1,2026-03-06T20:42:16.147Z,20260306_154216,1,BUBBLE_M_MED,4,1,3,BUBBLE,0,1,M,16,MED,18,30,960,500,3,18,2,211.842,233.427,212.125,114.416,119.012,32,2.239,684,0,0,0,74.348,3.273,1772829765509,1772829766193,241,216.125,2
1,1,2026-03-06T20:42:16.147Z,20260306_154216,1,BUBBLE_M_MED,4,1,3,BUBBLE,0,1,M,16,MED,18,30,960,500,4,19,22,523.33,459.034,211.842,233.427,384.608,32,3.703,854,0,0,0,357.237,4.336,1772829766193,1772829767047,498,436.125,22
1,1,2026-03-06T20:42:16.147Z,20260306_154216,1,BUBBLE_M_MED,4,1,3,BUBBLE,0,1,M,16,MED,18,30,960,500,5,20,28,306.861,460.791,523.33,459.034,216.476,32,2.957,1168,1,0,1,223.238,2.532,1772829767047,1772829768215,353,456.125,28
1,1,2026-03-06T20:42:16.147Z,20260306_154216,1,BUBBLE_M_MED,5,2,3,BUBBLE,0,1,M,16,MED,18,30,960,500,1,21,21,505.409,257.3,480,250,26.437,32,0.869,935,0,0,0,98.378,0.929,1772829769341,1772829770276,501,257.125,21
1,1,2026-03-06T20:42:16.147Z,20260306_154216,1,BUBBLE_M_MED,5,2,3,BUBBLE,0,1,M,16,MED,18,30,960,500,2,22,29,796.873,436.666,505.409,257.3,342.233,32,3.548,901,0,0,0,405.955,3.938,1772829770276,1772829771177,811,452.125,29
1,1,2026-03-06T20:42:16.147Z,20260306_154216,1,BUBBLE_M_MED,5,2,3,BUBBLE,0,1,M,16,MED,18,30,960,500,3,23,7,789.178,361.532,796.873,436.666,75.528,32,1.749,667,0,0,0,101.27,2.622,1772829771177,1772829771844,786,361.125,7
1,1,2026-03-06T20:42:16.147Z,20260306_154216,1,BUBBLE_M_MED,5,2,3,BUBBLE,0,1,M,16,MED,18,30,960,500,4,24,27,66.118,342.992,789.178,361.532,723.298,32,4.561,959,0,0,0,742.185,4.756,1772829771844,1772829772803,67,343.125,27
1,1,2026-03-06T20:42:16.147Z,20260306_154216,1,BUBBLE_M_MED,5,2,3,BUBBLE,0,1,M,16,MED,18,30,960,500,5,25,2,850.859,221.221,66.118,342.992,794.133,32,4.69,1066,0,0,0,794.039,4.4,1772829772803,1772829773869,843,240.125,2
1,1,2026-03-06T20:42:16.147Z,20260306_154216,1,BUBBLE_M_MED,6,3,3,BUBBLE,0,1,M,16,MED,18,30,960,500,1,26,5,468.616,379.744,480,250,130.242,32,2.342,900,0,0,0,257.312,2.602,1772829774611,1772829775511,484,389.125,5
1,1,2026-03-06T20:42:16.147Z,20260306_154216,1,BUBBLE_M_MED,6,3,3,BUBBLE,0,1,M,16,MED,18,30,960,500,2,27,27,624.951,53.516,468.616,379.744,361.753,32,3.621,885,0,0,0,408.17,4.092,1772829775511,1772829776396,638,41.125,27
1,1,2026-03-06T20:42:16.147Z,20260306_154216,1,BUBBLE_M_MED,6,3,3,BUBBLE,0,1,M,16,MED,18,30,960,500,3,28,12,552.473,45.984,624.951,53.516,72.868,32,1.712,847,0,0,0,223.95,2.022,1772829776397,1772829777244,556,50.125,12
1,1,2026-03-06T20:42:16.147Z,20260306_154216,1,BUBBLE_M_MED,6,3,3,BUBBLE,0,1,M,16,MED,18,30,960,500,4,29,0,178.222,259.205,552.473,45.984,430.728,32,3.854,863,0,0,0,431.966,4.466,1772829777244,1772829778107,201,246.125,0
1,1,2026-03-06T20:42:16.147Z,20260306_154216,1,BUBBLE_M_MED,6,3,3,BUBBLE,0,1,M,16,MED,18,30,960,500,5,30,6,802.102,74.018,178.222,259.205,650.784,32,4.415,1072,0,0,0,620.407,4.119,1772829778107,1772829779179,795,80.125,6
1,1,2026-03-06T20:42:16.147Z,20260306_154216,2,BUBBLE_L_MED,7,1,3,BUBBLE,0,2,L,22,MED,18,30,960,500,1,31,6,876.195,125.521,480,250,415.29,44,3.384,886,0,0,0,504.136,3.819,1772829780137,1772829781023,891,127.125,6
1,1,2026-03-06T20:42:16.147Z,20260306_154216,2,BUBBLE_L_MED,7,1,3,BUBBLE,0,2,L,22,MED,18,30,960,500,2,32,21,440.087,364.063,876.195,125.521,497.084,44,3.62,863,0,0,0,502.113,4.195,1772829781023,1772829781886,461,352.125,21
1,1,2026-03-06T20:42:16.147Z,20260306_154216,2,BUBBLE_L_MED,7,1,3,BUBBLE,0,2,L,22,MED,18,30,960,500,3,33,17,700.139,187.541,440.087,364.063,314.305,44,3.026,870,0,0,0,292.29,3.478,1772829781886,1772829782756,692,197.125,17
1,1,2026-03-06T20:42:16.147Z,20260306_154216,2,BUBBLE_L_MED,7,1,3,BUBBLE,0,2,L,22,MED,18,30,960,500,4,34,27,592.115,49.675,700.139,187.541,175.146,44,2.316,693,0,0,0,135.975,3.342,1772829782756,1772829783449,631,85.125,27
1,1,2026-03-06T20:42:16.147Z,20260306_154216,2,BUBBLE_L_MED,7,1,3,BUBBLE,0,2,L,22,MED,18,30,960,500,5,35,18,172.096,428.334,592.115,49.675,565.507,44,3.792,897,0,0,0,613.901,4.227,1772829783449,1772829784346,200,437.125,18
1,1,2026-03-06T20:42:16.147Z,20260306_154216,2,BUBBLE_L_MED,8,2,3,BUBBLE,0,2,L,22,MED,18,30,960,500,1,36,17,739.649,377.323,480,250,289.187,44,2.921,1551,0,0,0,303.366,1.883,1772829785534,1772829787085,692,368.125,17
1,1,2026-03-06T20:42:16.147Z,20260306_154216,2,BUBBLE_L_MED,8,2,3,BUBBLE,0,2,L,22,MED,18,30,960,500,2,37,3,758.741,266.813,739.649,377.323,112.147,44,1.827,719,0,0,0,227.938,2.541,1772829787085,1772829787804,720,280.125,3
1,1,2026-03-06T20:42:16.147Z,20260306_154216,2,BUBBLE_L_MED,8,2,3,BUBBLE,0,2,L,22,MED,18,30,960,500,3,38,26,224.832,426.681,758.741,266.813,557.33,44,3.773,937,0,0,0,531.852,4.026,1772829787804,1772829788741,217,430.125,26
1,1,2026-03-06T20:42:16.147Z,20260306_154216,2,BUBBLE_L_MED,8,2,3,BUBBLE,0,2,L,22,MED,18,30,960,500,4,39,17,739.649,377.323,224.832,426.681,517.178,44,3.673,855,0,0,0,560.127,4.296,1772829788741,1772829789596,724,392.125,17
1,1,2026-03-06T20:42:16.147Z,20260306_154216,2,BUBBLE_L_MED,8,2,3,BUBBLE,0,2,L,22,MED,18,30,960,500,5,40,28,126.502,39.031,739.649,377.323,700.279,44,4.08,1028,0,0,0,708.596,3.969,1772829789596,1772829790624,139,64.125,28
1,1,2026-03-06T20:42:16.147Z,20260306_154216,2,BUBBLE_L_MED,9,3,3,BUBBLE,0,2,L,22,MED,18,30,960,500,1,41,2,387.67,419.818,480,250,193.295,44,2.431,757,0,0,0,183.944,3.211,1772829791375,1772829792132,393,423.125,2
1,1,2026-03-06T20:42:16.147Z,20260306_154216,2,BUBBLE_L_MED,9,3,3,BUBBLE,0,2,L,22,MED,18,30,960,500,2,42,23,579.614,66.223,387.67,419.818,402.332,44,3.343,773,0,0,0,394.014,4.324,1772829792132,1772829792905,554,67.125,23
1,1,2026-03-06T20:42:16.147Z,20260306_154216,2,BUBBLE_L_MED,9,3,3,BUBBLE,0,2,L,22,MED,18,30,960,500,3,43,16,171.649,260.826,579.614,66.223,452.002,44,3.495,795,0,0,0,444.093,4.396,1772829792905,1772829793700,162,254.125,16
1,1,2026-03-06T20:42:16.147Z,20260306_154216,2,BUBBLE_L_MED,9,3,3,BUBBLE,0,2,L,22,MED,18,30,960,500,4,44,23,579.614,66.223,171.649,260.826,452.002,44,3.495,757,0,0,0,464.671,4.617,1772829793700,1772829794457,576,68.125,23
1,1,2026-03-06T20:42:16.147Z,20260306_154216,2,BUBBLE_L_MED,9,3,3,BUBBLE,0,2,L,22,MED,18,30,960,500,5,45,14,147.648,325.328,579.614,66.223,503.716,44,3.638,945,0,0,0,515.473,3.85,1772829794457,1772829795402,176,322.125,14
1,1,2026-03-06T20:42:16.147Z,20260306_154216,3,BUBBLE_S_LOOSE,10,1,3,BUBBLE,0,3,S,10,LOOSE,28,30,960,500,1,46,8,160.048,54.779,480,250,374.808,20,4.303,935,0,0,0,410.663,4.602,1772829796106,1772829797041,179,60.125,8
1,1,2026-03-06T20:42:16.147Z,20260306_154216,3,BUBBLE_S_LOOSE,10,1,3,BUBBLE,0,3,S,10,LOOSE,28,30,960,500,2,47,27,922.735,457.744,160.048,54.779,862.597,20,5.464,1195,0,0,0,880.716,4.572,1772829797041,1772829798236,903,455.125,27
1,1,2026-03-06T20:42:16.147Z,20260306_154216,3,BUBBLE_S_LOOSE,10,1,3,BUBBLE,0,3,S,10,LOOSE,28,30,960,500,3,48,1,488.497,471.268,922.735,457.744,434.449,20,4.506,1012,0,0,0,463.158,4.453,1772829798236,1772829799248,479,479.125,1
1,1,2026-03-06T20:42:16.147Z,20260306_154216,3,BUBBLE_S_LOOSE,10,1,3,BUBBLE,0,3,S,10,LOOSE,28,30,960,500,4,49,20,329.7,195.075,488.497,471.268,318.589,20,4.081,835,0,0,0,325.889,4.888,1772829799248,1772829800083,328,198.125,20
1,1,2026-03-06T20:42:16.147Z,20260306_154216,3,BUBBLE_S_LOOSE,10,1,3,BUBBLE,0,3,S,10,LOOSE,28,30,960,500,5,50,13,435.212,25.356,329.7,195.075,199.843,20,3.458,854,0,0,0,179.094,4.05,1772829800083,1772829800937,411,50.125,13
1,1,2026-03-06T20:42:16.147Z,20260306_154216,3,BUBBLE_S_LOOSE,11,2,3,BUBBLE,0,3,S,10,LOOSE,28,30,960,500,1,51,10,85.65,100.661,480,250,421.68,20,4.465,1050,0,0,0,380.004,4.252,1772829801633,1772829802683,104,115.125,10
1,1,2026-03-06T20:42:16.147Z,20260306_154216,3,BUBBLE_S_LOOSE,11,2,3,BUBBLE,0,3,S,10,LOOSE,28,30,960,500,2,52,11,683.544,288.641,85.65,100.661,626.749,20,5.015,930,0,0,0,617.827,5.393,1772829802684,1772829803614,660,293.125,11
1,1,2026-03-06T20:42:16.147Z,20260306_154216,3,BUBBLE_S_LOOSE,11,2,3,BUBBLE,0,3,S,10,LOOSE,28,30,960,500,3,53,27,470.269,319.222,683.544,288.641,215.457,20,3.557,712,0,0,0,242.496,4.996,1772829803614,1772829804326,486,313.125,27
1,1,2026-03-06T20:42:16.147Z,20260306_154216,3,BUBBLE_S_LOOSE,11,2,3,BUBBLE,0,3,S,10,LOOSE,28,30,960,500,4,54,26,911.002,273.57,470.269,319.222,443.092,20,4.533,929,0,0,0,506.998,4.88,1772829804326,1772829805255,938,298.125,26
1,1,2026-03-06T20:42:16.147Z,20260306_154216,3,BUBBLE_S_LOOSE,11,2,3,BUBBLE,0,3,S,10,LOOSE,28,30,960,500,5,55,15,496.437,111.116,911.002,273.57,445.259,20,4.54,930,0,0,0,507.045,4.882,1772829805255,1772829806185,494,105.125,15
1,1,2026-03-06T20:42:16.147Z,20260306_154216,3,BUBBLE_S_LOOSE,12,3,3,BUBBLE,0,3,S,10,LOOSE,28,30,960,500,1,56,4,458.498,205.525,480,250,49.4,20,1.795,1066,0,0,0,369.602,1.684,1772829806801,1772829807867,458,210.125,4
1,1,2026-03-06T20:42:16.147Z,20260306_154216,3,BUBBLE_S_LOOSE,12,3,3,BUBBLE,0,3,S,10,LOOSE,28,30,960,500,2,57,1,545.172,138.095,458.498,205.525,109.814,20,2.698,810,0,0,0,168.434,3.331,1772829807867,1772829808677,532,150.125,1
1,1,2026-03-06T20:42:16.147Z,20260306_154216,3,BUBBLE_S_LOOSE,12,3,3,BUBBLE,0,3,S,10,LOOSE,28,30,960,500,3,58,19,521.441,243.288,545.172,138.095,107.837,20,2.676,884,0,0,0,188.358,3.027,1772829808677,1772829809561,494,253.125,19
1,1,2026-03-06T20:42:16.147Z,20260306_154216,3,BUBBLE_S_LOOSE,12,3,3,BUBBLE,0,3,S,10,LOOSE,28,30,960,500,4,59,25,178.207,342.228,521.441,243.288,357.21,20,4.237,750,0,0,0,295.486,5.65,1772829809561,1772829810311,220,333.125,25
1,1,2026-03-06T20:42:16.147Z,20260306_154216,3,BUBBLE_S_LOOSE,12,3,3,BUBBLE,0,3,S,10,LOOSE,28,30,960,500,5,60,10,631.879,153.675,178.207,342.228,491.295,20,4.676,869,0,0,0,458.097,5.381,1772829810311,1772829811180,616,147.125,10
1,1,2026-03-06T20:42:16.147Z,20260306_154216,4,BUBBLE_L_TIGHT,13,1,3,BUBBLE,0,4,L,22,TIGHT,8,30,960,500,1,61,26,630.412,150.975,480,250,180.083,44,2.348,781,0,0,0,301.042,3.007,1772829811751,1772829812532,613,147.125,26
1,1,2026-03-06T20:42:16.147Z,20260306_154216,4,BUBBLE_L_TIGHT,13,1,3,BUBBLE,0,4,L,22,TIGHT,8,30,960,500,2,62,29,670.399,45.694,630.412,150.975,112.619,44,1.832,786,0,0,0,149.792,2.33,1772829812533,1772829813319,681,54.125,29
1,1,2026-03-06T20:42:16.147Z,20260306_154216,4,BUBBLE_L_TIGHT,13,1,3,BUBBLE,0,4,L,22,TIGHT,8,30,960,500,3,63,28,72.54,162.663,670.399,45.694,609.194,44,3.892,1116,0,0,0,680.249,3.487,1772829813319,1772829814435,83,168.125,28
1,1,2026-03-06T20:42:16.147Z,20260306_154216,4,BUBBLE_L_TIGHT,13,1,3,BUBBLE,0,4,L,22,TIGHT,8,30,960,500,4,64,22,795.397,152.706,72.54,162.663,722.926,44,4.124,1014,0,0,0,749.062,4.067,1772829814435,1772829815449,781,170.125,22
1,1,2026-03-06T20:42:16.147Z,20260306_154216,4,BUBBLE_L_TIGHT,13,1,3,BUBBLE,0,4,L,22,TIGHT,8,30,960,500,5,65,8,720.929,413.836,795.397,152.706,271.541,44,2.842,951,0,0,0,253.425,2.989,1772829815449,1772829816400,729,408.125,8
1,1,2026-03-06T20:42:16.147Z,20260306_154216,4,BUBBLE_L_TIGHT,14,2,3,BUBBLE,0,4,L,22,TIGHT,8,30,960,500,1,66,28,599.451,70.106,480,250,215.941,44,2.563,929,0,0,0,328.071,2.758,1772829817001,1772829817930,624,75.125,28
1,1,2026-03-06T20:42:16.147Z,20260306_154216,4,BUBBLE_L_TIGHT,14,2,3,BUBBLE,0,4,L,22,TIGHT,8,30,960,500,2,67,7,400.918,39.253,599.451,70.106,200.916,44,2.477,890,0,0,0,247.418,2.783,1772829817930,1772829818820,408,23.125,7
1,1,2026-03-06T20:42:16.147Z,20260306_154216,4,BUBBLE_L_TIGHT,14,2,3,BUBBLE,0,4,L,22,TIGHT,8,30,960,500,3,68,8,229.957,147.067,400.918,39.253,202.118,44,2.484,717,0,0,0,193.873,3.464,1772829818820,1772829819537,256,132.125,8
1,1,2026-03-06T20:42:16.147Z,20260306_154216,4,BUBBLE_L_TIGHT,14,2,3,BUBBLE,0,4,L,22,TIGHT,8,30,960,500,4,69,15,53.656,391.523,229.957,147.067,301.397,44,2.973,824,0,0,0,317.956,3.608,1772829819537,1772829820361,53,348.125,15
1,1,2026-03-06T20:42:16.147Z,20260306_154216,4,BUBBLE_L_TIGHT,14,2,3,BUBBLE,0,4,L,22,TIGHT,8,30,960,500,5,70,29,810.767,189.859,53.656,391.523,783.508,44,4.233,1111,0,0,0,879.774,3.81,1772829820361,1772829821472,817,170.125,29
1,1,2026-03-06T20:42:16.147Z,20260306_154216,4,BUBBLE_L_TIGHT,15,3,3,BUBBLE,0,4,L,22,TIGHT,8,30,960,500,1,71,6,517.715,426.095,480,250,180.088,44,2.348,1125,0,0,0,415.7,2.088,1772829822125,1772829823250,524,440.125,6
1,1,2026-03-06T20:42:16.147Z,20260306_154216,4,BUBBLE_L_TIGHT,15,3,3,BUBBLE,0,4,L,22,TIGHT,8,30,960,500,2,72,19,683.34,302.929,517.715,426.095,206.402,44,2.509,809,0,0,0,240.792,3.101,1772829823250,1772829824059,654,314.125,19
1,1,2026-03-06T20:42:16.147Z,20260306_154216,4,BUBBLE_L_TIGHT,15,3,3,BUBBLE,0,4,L,22,TIGHT,8,30,960,500,3,73,23,446.405,100.085,683.34,302.929,311.903,44,3.016,789,0,0,0,398.539,3.822,1772829824059,1772829824848,444,95.125,23
1,1,2026-03-06T20:42:16.147Z,20260306_154216,4,BUBBLE_L_TIGHT,15,3,3,BUBBLE,0,4,L,22,TIGHT,8,30,960,500,4,74,19,683.34,302.929,446.405,100.085,311.903,44,3.016,1137,0,0,0,315.3,2.653,1772829824848,1772829825985,643,292.125,19
1,1,2026-03-06T20:42:16.147Z,20260306_154216,4,BUBBLE_L_TIGHT,15,3,3,BUBBLE,0,4,L,22,TIGHT,8,30,960,500,5,75,11,702.43,359.699,683.34,302.929,59.894,44,1.24,892,0,0,0,225.982,1.39,1772829825985,1772829826877,690,363.125,11
1,1,2026-03-06T20:42:16.147Z,20260306_154216,5,BUBBLE_M_LOOSE,16,1,3,BUBBLE,0,5,M,16,LOOSE,28,30,960,500,1,76,1,308.749,436.757,480,250,253.387,32,3.157,907,0,0,0,355.917,3.48,1772829827359,1772829828266,307,453.125,1
1,1,2026-03-06T20:42:16.147Z,20260306_154216,5,BUBBLE_M_LOOSE,16,1,3,BUBBLE,0,5,M,16,LOOSE,28,30,960,500,2,77,29,892.232,280.444,308.749,436.757,604.058,32,4.313,968,0,0,0,704.217,4.456,1772829828266,1772829829234,878,278.125,29
1,1,2026-03-06T20:42:16.147Z,20260306_154216,5,BUBBLE_M_LOOSE,16,1,3,BUBBLE,0,5,M,16,LOOSE,28,30,960,500,3,78,24,590.845,324.824,892.232,280.444,304.637,32,3.395,705,0,0,0,298.381,4.816,1772829829234,1772829829939,594,346.125,24
1,1,2026-03-06T20:42:16.147Z,20260306_154216,5,BUBBLE_M_LOOSE,16,1,3,BUBBLE,0,5,M,16,LOOSE,28,30,960,500,4,79,20,517.715,333.128,590.845,324.824,73.6,32,1.722,592,0,0,0,106.113,2.91,1772829829939,1772829830531,509,339.125,20
1,1,2026-03-06T20:42:16.147Z,20260306_154216,5,BUBBLE_M_LOOSE,16,1,3,BUBBLE,0,5,M,16,LOOSE,28,30,960,500,5,80,17,446.254,294.312,517.715,333.128,81.323,32,1.824,568,0,0,0,57.624,3.212,1772829830531,1772829831099,466,316.125,17
1,1,2026-03-06T20:42:16.147Z,20260306_154216,5,BUBBLE_M_LOOSE,17,2,3,BUBBLE,0,5,M,16,LOOSE,28,30,960,500,1,81,13,761.644,371.385,480,250,306.688,32,3.404,850,0,0,0,306.557,4.004,1772829831649,1772829832499,764,355.125,13
1,1,2026-03-06T20:42:16.147Z,20260306_154216,5,BUBBLE_M_LOOSE,17,2,3,BUBBLE,0,5,M,16,LOOSE,28,30,960,500,2,82,2,699.937,43.502,761.644,371.385,333.639,32,3.514,1018,0,0,0,359.579,3.452,1772829832499,1772829833517,723,72.125,2
1,1,2026-03-06T20:42:16.147Z,20260306_154216,5,BUBBLE_M_LOOSE,17,2,3,BUBBLE,0,5,M,16,LOOSE,28,30,960,500,3,83,13,761.644,371.385,699.937,43.502,333.639,32,3.514,826,0,0,0,301.81,4.255,1772829833517,1772829834343,767,369.125,13
1,1,2026-03-06T20:42:16.147Z,20260306_154216,5,BUBBLE_M_LOOSE,17,2,3,BUBBLE,0,5,M,16,LOOSE,28,30,960,500,4,84,20,810.124,107.276,761.644,371.385,268.521,32,3.231,860,0,0,0,347.578,3.757,1772829834343,1772829835203,809,109.125,20
1,1,2026-03-06T20:42:16.147Z,20260306_154216,5,BUBBLE_M_LOOSE,17,2,3,BUBBLE,0,5,M,16,LOOSE,28,30,960,500,5,85,8,97.242,452.557,810.124,107.276,792.098,32,4.687,1230,0,0,0,921.436,3.81,1772829835203,1772829836433,73,468.125,8
1,1,2026-03-06T20:42:16.147Z,20260306_154216,5,BUBBLE_M_LOOSE,18,3,3,BUBBLE,0,5,M,16,LOOSE,28,30,960,500,1,86,25,102.298,182.515,480,250,383.683,32,3.699,965,0,0,0,745.96,3.834,1772829839510,1772829840475,90,203.125,25
1,1,2026-03-06T20:42:16.147Z,20260306_154216,5,BUBBLE_M_LOOSE,18,3,3,BUBBLE,0,5,M,16,LOOSE,28,30,960,500,2,87,20,400.82,330.287,102.298,182.515,333.095,32,3.512,833,0,0,0,321.377,4.216,1772829840476,1772829841309,371,337.125,20
1,1,2026-03-06T20:42:16.147Z,20260306_154216,5,BUBBLE_M_LOOSE,18,3,3,BUBBLE,0,5,M,16,LOOSE,28,30,960,500,3,88,4,428.45,274.111,400.82,330.287,62.602,32,1.564,720,0,0,0,104.67,2.172,1772829841309,1772829842029,443,277.125,4
1,1,2026-03-06T20:42:16.147Z,20260306_154216,5,BUBBLE_M_LOOSE,18,3,3,BUBBLE,0,5,M,16,LOOSE,28,30,960,500,4,89,12,663.946,283.233,428.45,274.111,235.673,32,3.064,877,0,0,0,200.104,3.494,1772829842029,1772829842906,638,283.125,12
1,1,2026-03-06T20:42:16.147Z,20260306_154216,5,BUBBLE_M_LOOSE,18,3,3,BUBBLE,0,5,M,16,LOOSE,28,30,960,500,5,90,4,428.45,274.111,663.946,283.233,235.673,32,3.064,736,0,0,0,193.219,4.163,1772829842906,1772829843642,454,282.125,4
1,1,2026-03-06T20:42:16.147Z,20260306_154216,6,BUBBLE_S_TIGHT,19,1,3,BUBBLE,0,6,S,10,TIGHT,8,30,960,500,1,91,0,839.642,468.406,480,250,420.766,20,4.462,996,0,0,0,582.276,4.48,1772829844204,1772829845200,854,476.125,0
1,1,2026-03-06T20:42:16.147Z,20260306_154216,6,BUBBLE_S_TIGHT,19,1,3,BUBBLE,0,6,S,10,TIGHT,8,30,960,500,2,92,14,846.172,146.778,839.642,468.406,321.694,20,4.095,931,0,0,0,352.113,4.398,1772829845200,1772829846131,835,158.125,14
1,1,2026-03-06T20:42:16.147Z,20260306_154216,6,BUBBLE_S_TIGHT,19,1,3,BUBBLE,0,6,S,10,TIGHT,8,30,960,500,3,93,22,361.407,389.642,846.172,146.778,542.198,20,4.813,877,0,0,0,528.286,5.488,1772829846131,1772829847008,394,409.125,22
1,1,2026-03-06T20:42:16.147Z,20260306_154216,6,BUBBLE_S_TIGHT,19,1,3,BUBBLE,0,6,S,10,TIGHT,8,30,960,500,4,94,8,357.094,259.968,361.407,389.642,129.745,20,2.904,623,0,0,0,149.601,4.662,1772829847008,1772829847631,374,265.125,8
1,1,2026-03-06T20:42:16.147Z,20260306_154216,6,BUBBLE_S_TIGHT,19,1,3,BUBBLE,0,6,S,10,TIGHT,8,30,960,500,5,95,6,47.547,349.878,357.094,259.968,322.34,20,4.097,765,0,0,0,316.939,5.356,1772829847631,1772829848396,90,370.125,6
1,1,2026-03-06T20:42:16.147Z,20260306_154216,6,BUBBLE_S_TIGHT,20,2,3,BUBBLE,0,6,S,10,TIGHT,8,30,960,500,1,96,15,663.815,441.116,480,250,265.166,20,3.834,1074,0,0,0,345.837,3.57,1772829849032,1772829850106,663,453.125,15
1,1,2026-03-06T20:42:16.147Z,20260306_154216,6,BUBBLE_S_TIGHT,20,2,3,BUBBLE,0,6,S,10,TIGHT,8,30,960,500,2,97,23,649.229,409.322,663.815,441.116,34.98,20,1.459,862,0,0,0,114.471,1.692,1772829850107,1772829850969,645,394.125,23
1,1,2026-03-06T20:42:16.147Z,20260306_154216,6,BUBBLE_S_TIGHT,20,2,3,BUBBLE,0,6,S,10,TIGHT,8,30,960,500,3,98,7,412.572,59.25,649.229,409.322,422.56,20,4.468,908,0,0,0,404.309,4.92,1772829850969,1772829851877,414,73.125,7
1,1,2026-03-06T20:42:16.147Z,20260306_154216,6,BUBBLE_S_TIGHT,20,2,3,BUBBLE,0,6,S,10,TIGHT,8,30,960,500,4,99,0,812.31,395.28,412.572,59.25,522.213,20,4.761,974,0,0,0,543.33,4.888,1772829851877,1772829852851,791,414.125,0
1,1,2026-03-06T20:42:16.147Z,20260306_154216,6,BUBBLE_S_TIGHT,20,2,3,BUBBLE,0,6,S,10,TIGHT,8,30,960,500,5,100,15,663.815,441.116,812.31,395.28,155.408,20,3.133,713,0,0,0,83.866,4.394,1772829852851,1772829853564,716,443.125,15
1,1,2026-03-06T20:42:16.147Z,20260306_154216,6,BUBBLE_S_TIGHT,21,3,3,BUBBLE,0,6,S,10,TIGHT,8,30,960,500,1,101,7,157.856,118.099,480,250,348.102,20,4.202,923,0,0,0,465.354,4.553,1772829854187,1772829855110,170,127.125,7
1,1,2026-03-06T20:42:16.147Z,20260306_154216,6,BUBBLE_S_TIGHT,21,3,3,BUBBLE,0,6,S,10,TIGHT,8,30,960,500,2,102,20,274.864,23.042,157.856,118.099,150.754,20,3.094,899,0,0,0,264.683,3.441,1772829855110,1772829856009,278,22.125,20
1,1,2026-03-06T20:42:16.147Z,20260306_154216,6,BUBBLE_S_TIGHT,21,3,3,BUBBLE,0,6,S,10,TIGHT,8,30,960,500,3,103,5,858.238,74.846,274.864,23.042,585.669,20,4.92,1237,0,0,0,670.968,3.978,1772829856009,1772829857246,885,89.125,5
1,1,2026-03-06T20:42:16.147Z,20260306_154216,6,BUBBLE_S_TIGHT,21,3,3,BUBBLE,0,6,S,10,TIGHT,8,30,960,500,4,104,20,274.864,23.042,858.238,74.846,585.669,20,4.92,975,0,0,0,664.24,5.047,1772829857246,1772829858221,299,27.125,20
1,1,2026-03-06T20:42:16.147Z,20260306_154216,6,BUBBLE_S_TIGHT,21,3,3,BUBBLE,0,6,S,10,TIGHT,8,30,960,500,5,105,26,207.636,451.698,274.864,23.042,433.896,20,4.504,997,0,0,0,466.038,4.518,1772829858221,1772829859218,221,457.125,26
1,1,2026-03-06T20:42:16.147Z,20260306_154216,7,BUBBLE_M_TIGHT,22,1,3,BUBBLE,0,7,M,16,TIGHT,8,30,960,500,1,106,28,343.718,361.238,480,250,175.916,32,2.7,876,0,0,0,161.463,3.082,1772829860007,1772829860883,312,354.125,28
1,1,2026-03-06T20:42:16.147Z,20260306_154216,7,BUBBLE_M_TIGHT,22,1,3,BUBBLE,0,7,M,16,TIGHT,8,30,960,500,2,107,5,676.028,428.617,343.718,361.238,339.072,32,3.536,879,0,0,0,414.873,4.022,1772829860883,1772829861762,696,425.125,5
1,1,2026-03-06T20:42:16.147Z,20260306_154216,7,BUBBLE_M_TIGHT,22,1,3,BUBBLE,0,7,M,16,TIGHT,8,30,960,500,3,108,16,575.304,232.007,676.028,428.617,220.909,32,2.982,718,0,0,0,206.799,4.154,1772829861762,1772829862480,593,250.125,16
1,1,2026-03-06T20:42:16.147Z,20260306_154216,7,BUBBLE_M_TIGHT,22,1,3,BUBBLE,0,7,M,16,TIGHT,8,30,960,500,4,109,15,502.27,444.547,575.304,232.007,224.737,32,3.004,847,0,0,0,376.643,3.547,1772829862481,1772829863328,471,464.125,15
1,1,2026-03-06T20:42:16.147Z,20260306_154216,7,BUBBLE_M_TIGHT,22,1,3,BUBBLE,0,7,M,16,TIGHT,8,30,960,500,5,110,27,431.233,65.603,502.27,444.547,385.545,32,3.706,887,0,0,0,510.197,4.178,1772829863328,1772829864215,426,74.125,27
1,1,2026-03-06T20:42:16.147Z,20260306_154216,7,BUBBLE_M_TIGHT,23,2,3,BUBBLE,0,7,M,16,TIGHT,8,30,960,500,1,111,18,726.1,306.418,480,250,252.484,32,3.152,818,0,0,0,323.4,3.854,1772829864753,1772829865571,709,321.125,18
1,1,2026-03-06T20:42:16.147Z,20260306_154216,7,BUBBLE_M_TIGHT,23,2,3,BUBBLE,0,7,M,16,TIGHT,8,30,960,500,2,112,23,886.164,98.607,726.1,306.418,262.309,32,3.201,1050,0,0,0,288.784,3.049,1772829865571,1772829866621,869,108.125,23
1,1,2026-03-06T20:42:16.147Z,20260306_154216,7,BUBBLE_M_TIGHT,23,2,3,BUBBLE,0,7,M,16,TIGHT,8,30,960,500,3,113,14,860.495,472.619,886.164,98.607,374.892,32,3.669,692,0,0,0,361.635,5.301,1772829866621,1772829867313,822,455.125,14
1,1,2026-03-06T20:42:16.147Z,20260306_154216,7,BUBBLE_M_TIGHT,23,2,3,BUBBLE,0,7,M,16,TIGHT,8,30,960,500,4,114,1,278.905,260.537,860.495,472.619,619.052,32,4.347,844,0,0,0,622.848,5.15,1772829867313,1772829868157,273,257.125,1
1,1,2026-03-06T20:42:16.147Z,20260306_154216,7,BUBBLE_M_TIGHT,23,2,3,BUBBLE,0,7,M,16,TIGHT,8,30,960,500,5,115,23,886.164,98.607,278.905,260.537,628.478,32,4.367,938,0,0,0,651.048,4.656,1772829868158,1772829869096,889,99.125,23
1,1,2026-03-06T20:42:16.147Z,20260306_154216,7,BUBBLE_M_TIGHT,24,3,3,BUBBLE,0,7,M,16,TIGHT,8,30,960,500,1,116,25,585.42,45.768,480,250,229.834,32,3.033,841,0,0,0,345.672,3.606,1772829869801,1772829870642,561,66.125,25
1,1,2026-03-06T20:42:16.147Z,20260306_154216,7,BUBBLE_M_TIGHT,24,3,3,BUBBLE,0,7,M,16,TIGHT,8,30,960,500,2,117,24,161.535,327.37,585.42,45.768,508.898,32,4.079,824,0,0,0,509.111,4.951,1772829870642,1772829871466,178,331.125,24
1,1,2026-03-06T20:42:16.147Z,20260306_154216,7,BUBBLE_M_TIGHT,24,3,3,BUBBLE,0,7,M,16,TIGHT,8,30,960,500,3,118,25,585.42,45.768,161.535,327.37,508.898,32,4.079,713,0,0,0,488.968,5.721,1772829871466,1772829872179,578,57.125,25
1,1,2026-03-06T20:42:16.147Z,20260306_154216,7,BUBBLE_M_TIGHT,24,3,3,BUBBLE,0,7,M,16,TIGHT,8,30,960,500,4,119,12,445.219,279.784,585.42,45.768,272.8,32,3.252,801,0,0,0,259.44,4.06,1772829872179,1772829872980,475,278.125,12
1,1,2026-03-06T20:42:16.147Z,20260306_154216,7,BUBBLE_M_TIGHT,24,3,3,BUBBLE,0,7,M,16,TIGHT,8,30,960,500,5,120,1,843.628,320.544,445.219,279.784,400.489,32,3.757,960,0,0,0,375.673,3.913,1772829872980,1772829873940,835,310.125,1
1,1,2026-03-06T20:42:16.147Z,20260306_154216,8,BUBBLE_L_LOOSE,25,1,3,BUBBLE,0,8,L,22,LOOSE,28,30,960,500,1,121,26,349.3,52.918,480,250,236.482,44,2.672,875,0,0,0,387.929,3.054,1772829874634,1772829875509,393,73.125,26
1,1,2026-03-06T20:42:16.147Z,20260306_154216,8,BUBBLE_L_LOOSE,25,1,3,BUBBLE,0,8,L,22,LOOSE,28,30,960,500,2,122,11,367.229,349.672,349.3,52.918,297.295,44,2.955,788,0,0,0,274.468,3.751,1772829875509,1772829876297,372,343.125,11
1,1,2026-03-06T20:42:16.147Z,20260306_154216,8,BUBBLE_L_LOOSE,25,1,3,BUBBLE,0,8,L,22,LOOSE,28,30,960,500,3,123,4,530.659,403.266,367.229,349.672,171.993,44,2.295,838,0,0,0,213.578,2.739,1772829876297,1772829877135,535,402.125,4
1,1,2026-03-06T20:42:16.147Z,20260306_154216,8,BUBBLE_L_LOOSE,25,1,3,BUBBLE,0,8,L,22,LOOSE,28,30,960,500,4,124,15,160.207,33.456,530.659,403.266,523.445,44,3.689,931,0,0,0,615.93,3.962,1772829877135,1772829878066,160,16.125,15
1,1,2026-03-06T20:42:16.147Z,20260306_154216,8,BUBBLE_L_LOOSE,25,1,3,BUBBLE,0,8,L,22,LOOSE,28,30,960,500,5,125,21,213.97,246.875,160.207,33.456,220.086,44,2.585,705,0,0,0,286.211,3.667,1772829878066,1772829878771,194,232.125,21
1,1,2026-03-06T20:42:16.147Z,20260306_154216,8,BUBBLE_L_LOOSE,26,2,3,BUBBLE,0,8,L,22,LOOSE,28,30,960,500,1,126,24,566.118,64.009,480,250,204.961,44,2.5,735,0,0,0,244.314,3.402,1772829879461,1772829880196,567,78.125,24
1,1,2026-03-06T20:42:16.147Z,20260306_154216,8,BUBBLE_L_LOOSE,26,2,3,BUBBLE,0,8,L,22,LOOSE,28,30,960,500,2,127,21,306.876,46.728,566.118,64.009,259.817,44,2.788,720,0,0,0,384.512,3.872,1772829880196,1772829880916,334,71.125,21
1,1,2026-03-06T20:42:16.147Z,20260306_154216,8,BUBBLE_L_LOOSE,26,2,3,BUBBLE,0,8,L,22,LOOSE,28,30,960,500,3,128,17,370.614,438.84,306.876,46.728,397.259,44,3.326,728,0,0,0,391.14,4.569,1772829880916,1772829881644,386,450.125,17
1,1,2026-03-06T20:42:16.147Z,20260306_154216,8,BUBBLE_L_LOOSE,26,2,3,BUBBLE,0,8,L,22,LOOSE,28,30,960,500,4,129,0,160.657,241.141,370.614,438.84,288.386,44,2.917,862,0,0,0,337.326,3.384,1772829881644,1772829882506,174,254.125,0
1,1,2026-03-06T20:42:16.147Z,20260306_154216,8,BUBBLE_L_LOOSE,26,2,3,BUBBLE,0,8,L,22,LOOSE,28,30,960,500,5,130,1,722.943,463.534,160.657,241.141,604.668,44,3.882,802,0,0,0,627.967,4.84,1772829882506,1772829883308,722,450.125,1
1,1,2026-03-06T20:42:16.147Z,20260306_154216,8,BUBBLE_L_LOOSE,27,3,3,BUBBLE,0,8,L,22,LOOSE,28,30,960,500,1,131,12,41.488,341.864,480,250,448.031,44,3.483,800,0,0,0,640.181,4.354,1772829883804,1772829884604,10,345.125,12
1,1,2026-03-06T20:42:16.147Z,20260306_154216,8,BUBBLE_L_LOOSE,27,3,3,BUBBLE,0,8,L,22,LOOSE,28,30,960,500,2,132,4,260.931,52.907,41.488,341.864,362.838,44,3.209,677,0,0,0,467.842,4.74,1772829884604,1772829885281,281,63.125,4
1,1,2026-03-06T20:42:16.147Z,20260306_154216,8,BUBBLE_L_LOOSE,27,3,3,BUBBLE,0,8,L,22,LOOSE,28,30,960,500,3,133,2,267.852,374.263,260.931,52.907,321.43,44,3.054,749,0,0,0,333.054,4.077,1772829885281,1772829886030,289,363.125,2
1,1,2026-03-06T20:42:16.147Z,20260306_154216,8,BUBBLE_L_LOOSE,27,3,3,BUBBLE,0,8,L,22,LOOSE,28,30,960,500,4,134,16,334.938,90.885,267.852,374.263,291.21,44,2.929,728,0,0,0,277.687,4.024,1772829886030,1772829886758,333,96.125,16
1,1,2026-03-06T20:42:16.147Z,20260306_154216,8,BUBBLE_L_LOOSE,27,3,3,BUBBLE,0,8,L,22,LOOSE,28,30,960,500,5,135,24,654.832,169.618,334.938,90.885,329.44,44,3.085,842,0,0,0,446.19,3.664,1772829886758,1772829887600,636,159.125,24
1,1,2026-03-06T20:42:16.147Z,20260306_154216,9,POINT_L_MED,28,1,3,POINT,1,0,L,22,MED,18,30,960,500,1,136,13,318.051,187.805,480,250,173.481,44,2.305,1116,0,0,0,216.611,2.066,1772829888170,1772829889286,337,184.125,13
1,1,2026-03-06T20:42:16.147Z,20260306_154216,9,POINT_L_MED,28,1,3,POINT,1,0,L,22,MED,18,30,960,500,2,137,14,142.343,450.249,318.051,187.805,315.832,44,3.032,877,0,0,0,358.835,3.457,1772829889286,1772829890163,157,446.125,14
1,1,2026-03-06T20:42:16.147Z,20260306_154216,9,POINT_L_MED,28,1,3,POINT,1,0,L,22,MED,18,30,960,500,3,138,18,680.888,170.985,142.343,450.249,606.646,44,3.886,832,0,0,0,704.558,4.671,1772829890163,1772829890995,680,172.125,18
1,1,2026-03-06T20:42:16.147Z,20260306_154216,9,POINT_L_MED,28,1,3,POINT,1,0,L,22,MED,18,30,960,500,4,139,8,510.393,115.297,680.888,170.985,179.359,44,2.344,826,0,0,0,245.707,2.838,1772829890995,1772829891821,507,119.125,8
1,1,2026-03-06T20:42:16.147Z,20260306_154216,9,POINT_L_MED,28,1,3,POINT,1,0,L,22,MED,18,30,960,500,5,140,0,866.373,191.191,510.393,115.297,363.981,44,3.213,766,0,0,0,457.785,4.194,1772829891821,1772829892587,868,186.125,0
1,1,2026-03-06T20:42:16.147Z,20260306_154216,9,POINT_L_MED,29,2,3,POINT,1,0,L,22,MED,18,30,960,500,1,141,4,561.671,246.932,480,250,81.729,44,1.515,711,0,0,0,162.725,2.13,1772829893269,1772829893980,570,242.125,4
1,1,2026-03-06T20:42:16.147Z,20260306_154216,9,POINT_L_MED,29,2,3,POINT,1,0,L,22,MED,18,30,960,500,2,142,18,541.972,395.622,561.671,246.932,149.989,44,2.14,766,0,0,0,187.564,2.794,1772829893980,1772829894746,553,405.125,18
1,1,2026-03-06T20:42:16.147Z,20260306_154216,9,POINT_L_MED,29,2,3,POINT,1,0,L,22,MED,18,30,960,500,3,143,27,482.546,220.389,541.972,395.622,185.034,44,2.38,748,0,0,0,204.567,3.182,1772829894746,1772829895494,479,224.125,27
1,1,2026-03-06T20:42:16.147Z,20260306_154216,9,POINT_L_MED,29,2,3,POINT,1,0,L,22,MED,18,30,960,500,4,144,5,655.372,130.77,482.546,220.389,194.68,44,2.44,781,0,0,0,287.204,3.124,1772829895494,1772829896275,658,120.125,5
1,1,2026-03-06T20:42:16.147Z,20260306_154216,9,POINT_L_MED,29,2,3,POINT,1,0,L,22,MED,18,30,960,500,5,145,8,648.436,313.526,655.372,130.77,182.888,44,2.366,704,0,0,0,217.285,3.361,1772829896275,1772829896979,641,327.125,8
1,1,2026-03-06T20:42:16.147Z,20260306_154216,9,POINT_L_MED,30,3,3,POINT,1,0,L,22,MED,18,30,960,500,1,146,17,56.816,305.932,480,250,426.864,44,3.42,1169,0,0,0,494.729,2.925,1772829897918,1772829899087,73,310.125,17
1,1,2026-03-06T20:42:16.147Z,20260306_154216,9,POINT_L_MED,30,3,3,POINT,1,0,L,22,MED,18,30,960,500,2,147,9,431.863,345.961,56.816,305.932,377.178,44,3.259,670,0,0,0,382.934,4.864,1772829899087,1772829899757,444,337.125,9
1,1,2026-03-06T20:42:16.147Z,20260306_154216,9,POINT_L_MED,30,3,3,POINT,1,0,L,22,MED,18,30,960,500,3,148,1,269.949,303.259,431.863,345.961,167.451,44,2.265,653,0,0,0,202.849,3.468,1772829899757,1772829900410,254,307.125,1
1,1,2026-03-06T20:42:16.147Z,20260306_154216,9,POINT_L_MED,30,3,3,POINT,1,0,L,22,MED,18,30,960,500,4,149,17,56.816,305.932,269.949,303.259,213.15,44,2.547,929,0,0,0,428.2,2.742,1772829900410,1772829901339,43,317.125,17
1,1,2026-03-06T20:42:16.147Z,20260306_154216,9,POINT_L_MED,30,3,3,POINT,1,0,L,22,MED,18,30,960,500,5,150,3,282.659,79.992,56.816,305.932,319.458,44,3.046,1185,0,0,0,638.088,2.571,1772829901339,1772829902524,300,77.125,3
1,1,2026-03-06T20:42:16.147Z,20260306_154216,10,POINT_M_MED,31,1,3,POINT,1,1,M,16,MED,18,30,960,500,1,151,3,512.555,463.832,480,250,216.296,32,2.956,975,0,0,0,260.571,3.032,1772829903131,1772829904106,515,456.125,3
1,1,2026-03-06T20:42:16.147Z,20260306_154216,10,POINT_M_MED,31,1,3,POINT,1,1,M,16,MED,18,30,960,500,2,152,4,505.824,56.231,512.555,463.832,407.656,32,3.78,879,0,0,0,425.155,4.301,1772829904106,1772829904985,512,50.125,4
1,1,2026-03-06T20:42:16.147Z,20260306_154216,10,POINT_M_MED,31,1,3,POINT,1,1,M,16,MED,18,30,960,500,3,153,13,754.96,220.308,505.824,56.231,298.312,32,3.368,958,0,0,0,351.596,3.515,1772829904985,1772829905943,752,214.125,13
1,1,2026-03-06T20:42:16.147Z,20260306_154216,10,POINT_M_MED,31,1,3,POINT,1,1,M,16,MED,18,30,960,500,4,154,8,920.254,399.814,754.96,220.308,244.017,32,3.109,840,0,0,0,416.78,3.701,1772829905943,1772829906783,908,396.125,8
1,1,2026-03-06T20:42:16.147Z,20260306_154216,10,POINT_M_MED,31,1,3,POINT,1,1,M,16,MED,18,30,960,500,5,155,9,315.016,210.042,920.254,399.814,634.292,32,4.38,1051,0,0,0,630.791,4.167,1772829906783,1772829907834,326,212.125,9
1,1,2026-03-06T20:42:16.147Z,20260306_154216,10,POINT_M_MED,32,2,3,POINT,1,1,M,16,MED,18,30,960,500,1,156,18,667.874,297.318,480,250,193.741,32,2.819,982,0,0,0,297.288,2.87,1772829911704,1772829912686,670,306.125,18
1,1,2026-03-06T20:42:16.147Z,20260306_154216,10,POINT_M_MED,32,2,3,POINT,1,1,M,16,MED,18,30,960,500,2,157,3,373.009,452.249,667.874,297.318,333.09,32,3.512,960,0,0,0,459.149,3.658,1772829912686,1772829913646,371,461.125,3
1,1,2026-03-06T20:42:16.147Z,20260306_154216,10,POINT_M_MED,32,2,3,POINT,1,1,M,16,MED,18,30,960,500,3,158,9,486.454,178.893,373.009,452.249,295.962,32,3.357,848,0,0,0,375.977,3.959,1772829913646,1772829914494,502,180.125,9
1,1,2026-03-06T20:42:16.147Z,20260306_154216,10,POINT_M_MED,32,2,3,POINT,1,1,M,16,MED,18,30,960,500,4,159,1,810.984,366.914,486.454,178.893,375.062,32,3.669,809,0,0,0,371.414,4.535,1772829914494,1772829915303,800,368.125,1
1,1,2026-03-06T20:42:16.147Z,20260306_154216,10,POINT_M_MED,32,2,3,POINT,1,1,M,16,MED,18,30,960,500,5,160,16,260.869,229.588,810.984,366.914,566.997,32,4.226,796,0,0,0,572.357,5.31,1772829915303,1772829916099,257,236.125,16
1,1,2026-03-06T20:42:16.147Z,20260306_154216,10,POINT_M_MED,33,3,3,POINT,1,1,M,16,MED,18,30,960,500,1,161,13,737.719,431.526,480,250,315.231,32,3.44,1071,0,0,0,489.963,3.212,1772829916684,1772829917755,737,419.125,13
1,1,2026-03-06T20:42:16.147Z,20260306_154216,10,POINT_M_MED,33,3,3,POINT,1,1,M,16,MED,18,30,960,500,2,162,27,639.561,323.589,737.719,431.526,145.895,32,2.475,692,0,0,0,176.032,3.576,1772829917755,1772829918447,645,322.125,27
1,1,2026-03-06T20:42:16.147Z,20260306_154216,10,POINT_M_MED,33,3,3,POINT,1,1,M,16,MED,18,30,960,500,3,163,7,698.19,89.11,639.561,323.589,241.698,32,3.096,864,0,0,0,250.593,3.584,1772829918447,1772829919311,700,95.125,7
1,1,2026-03-06T20:42:16.147Z,20260306_154216,10,POINT_M_MED,33,3,3,POINT,1,1,M,16,MED,18,30,960,500,4,164,20,327.813,108.634,698.19,89.11,370.891,32,3.654,920,0,0,0,463.592,3.972,1772829919311,1772829920231,324,109.125,20
1,1,2026-03-06T20:42:16.147Z,20260306_154216,10,POINT_M_MED,33,3,3,POINT,1,1,M,16,MED,18,30,960,500,5,165,16,911.506,237.128,327.813,108.634,597.67,32,4.298,1153,0,0,0,610.403,3.728,1772829920231,1772829921384,908,229.125,16
1,1,2026-03-06T20:42:16.147Z,20260306_154216,11,POINT_L_TIGHT,34,1,3,POINT,1,2,L,22,TIGHT,8,30,960,500,1,166,3,313.657,132.625,480,250,203.586,44,2.492,1004,0,0,0,262.894,2.482,1772829922152,1772829923156,308,131.125,3
1,1,2026-03-06T20:42:16.147Z,20260306_154216,11,POINT_L_TIGHT,34,1,3,POINT,1,2,L,22,TIGHT,8,30,960,500,2,167,23,157.049,198.749,313.657,132.625,169.995,44,2.282,975,0,0,0,528.566,2.341,1772829923156,1772829924131,154,192.125,23
1,1,2026-03-06T20:42:16.147Z,20260306_154216,11,POINT_L_TIGHT,34,1,3,POINT,1,2,L,22,TIGHT,8,30,960,500,3,168,26,524.221,289.285,157.049,198.749,378.17,44,3.262,996,0,0,0,479.796,3.275,1772829924131,1772829925127,537,295.125,26
1,1,2026-03-06T20:42:16.147Z,20260306_154216,11,POINT_L_TIGHT,34,1,3,POINT,1,2,L,22,TIGHT,8,30,960,500,4,169,27,219.63,380.351,524.221,289.285,317.913,44,3.04,713,0,0,0,344.521,4.264,1772829925127,1772829925840,226,387.125,27
1,1,2026-03-06T20:42:16.147Z,20260306_154216,11,POINT_L_TIGHT,34,1,3,POINT,1,2,L,22,TIGHT,8,30,960,500,5,170,18,437.199,194.976,219.63,380.351,285.833,44,2.906,698,0,0,0,330.318,4.164,1772829925840,1772829926538,445,211.125,18
1,1,2026-03-06T20:42:16.147Z,20260306_154216,11,POINT_L_TIGHT,35,2,3,POINT,1,2,L,22,TIGHT,8,30,960,500,1,171,17,208.593,123.484,480,250,299.446,44,2.965,824,0,0,0,464.144,3.598,1772829927095,1772829927919,212,128.125,17
1,1,2026-03-06T20:42:16.147Z,20260306_154216,11,POINT_L_TIGHT,35,2,3,POINT,1,2,L,22,TIGHT,8,30,960,500,2,172,4,344.204,50.942,208.593,123.484,153.794,44,2.168,692,0,0,0,229.145,3.134,1772829927919,1772829928611,334,51.125,4
1,1,2026-03-06T20:42:16.147Z,20260306_154216,11,POINT_L_TIGHT,35,2,3,POINT,1,2,L,22,TIGHT,8,30,960,500,3,173,6,922.326,296.65,344.204,50.942,628.17,44,3.933,919,0,0,0,664.662,4.28,1772829928611,1772829929530,920,287.125,6
1,1,2026-03-06T20:42:16.147Z,20260306_154216,11,POINT_L_TIGHT,35,2,3,POINT,1,2,L,22,TIGHT,8,30,960,500,4,174,0,242.348,275.512,922.326,296.65,680.306,44,4.041,906,0,0,0,710.781,4.46,1772829929530,1772829930436,238,282.125,0
1,1,2026-03-06T20:42:16.147Z,20260306_154216,11,POINT_L_TIGHT,35,2,3,POINT,1,2,L,22,TIGHT,8,30,960,500,5,175,4,344.204,50.942,242.348,275.512,246.589,44,2.723,812,0,0,0,529.583,3.354,1772829930436,1772829931248,355,50.125,4
1,1,2026-03-06T20:42:16.147Z,20260306_154216,11,POINT_L_TIGHT,36,3,3,POINT,1,2,L,22,TIGHT,8,30,960,500,1,176,23,626.518,334.107,480,250,168.942,44,2.275,976,0,0,0,269.819,2.331,1772829931968,1772829932944,621,340.125,23
1,1,2026-03-06T20:42:16.147Z,20260306_154216,11,POINT_L_TIGHT,36,3,3,POINT,1,2,L,22,TIGHT,8,30,960,500,2,177,20,283.249,366.884,626.518,334.107,344.83,44,3.144,869,0,0,0,490.452,3.617,1772829932944,1772829933813,279,367.125,20
1,1,2026-03-06T20:42:16.147Z,20260306_154216,11,POINT_L_TIGHT,36,3,3,POINT,1,2,L,22,TIGHT,8,30,960,500,3,178,2,428.499,193.029,283.249,366.884,226.546,44,2.62,668,0,0,0,232.871,3.923,1772829933813,1772829934481,417,191.125,2
1,1,2026-03-06T20:42:16.147Z,20260306_154216,11,POINT_L_TIGHT,36,3,3,POINT,1,2,L,22,TIGHT,8,30,960,500,4,179,0,92.609,388.464,428.499,193.029,388.609,44,3.297,884,0,0,0,422.924,3.73,1772829934481,1772829935365,94,384.125,0
1,1,2026-03-06T20:42:16.147Z,20260306_154216,11,POINT_L_TIGHT,36,3,3,POINT,1,2,L,22,TIGHT,8,30,960,500,5,180,23,626.518,334.107,92.609,388.464,536.669,44,3.722,849,0,0,0,535.308,4.384,1772829935365,1772829936214,610,332.125,23
1,1,2026-03-06T20:42:16.147Z,20260306_154216,12,POINT_M_LOOSE,37,1,3,POINT,1,3,M,16,LOOSE,28,30,960,500,1,181,17,137.973,309.886,480,250,347.231,32,3.567,1100,0,0,0,408.241,3.243,1772829936829,1772829937929,151,308.125,17
1,1,2026-03-06T20:42:16.147Z,20260306_154216,12,POINT_M_LOOSE,37,1,3,POINT,1,3,M,16,LOOSE,28,30,960,500,2,182,3,843.381,128.055,137.973,309.886,728.467,32,4.571,931,0,0,0,746.615,4.909,1772829937930,1772829938861,844,133.125,3
1,1,2026-03-06T20:42:16.147Z,20260306_154216,12,POINT_M_LOOSE,37,1,3,POINT,1,3,M,16,LOOSE,28,30,960,500,3,183,5,915.379,270.292,843.381,128.055,159.421,32,2.581,1226,0,0,0,878.038,2.105,1772829938861,1772829940087,926,275.125,5
1,1,2026-03-06T20:42:16.147Z,20260306_154216,12,POINT_M_LOOSE,37,1,3,POINT,1,3,M,16,LOOSE,28,30,960,500,4,184,4,382.719,400.679,915.379,270.292,548.386,32,4.181,791,0,0,0,562.623,5.286,1772829940087,1772829940878,393,401.125,4
1,1,2026-03-06T20:42:16.147Z,20260306_154216,12,POINT_M_LOOSE,37,1,3,POINT,1,3,M,16,LOOSE,28,30,960,500,5,185,7,179.364,234.351,382.719,400.679,262.713,32,3.203,945,0,0,0,413.738,3.39,1772829940878,1772829941823,172,244.125,7
1,1,2026-03-06T20:42:16.147Z,20260306_154216,12,POINT_M_LOOSE,38,2,3,POINT,1,3,M,16,LOOSE,28,30,960,500,1,186,11,449.18,44.16,480,250,208.134,32,2.908,1129,0,0,0,224.282,2.575,1772829942487,1772829943616,441,48.125,11
1,1,2026-03-06T20:42:16.147Z,20260306_154216,12,POINT_M_LOOSE,38,2,3,POINT,1,3,M,16,LOOSE,28,30,960,500,2,187,25,359.261,37.858,449.18,44.16,90.14,32,1.932,734,0,0,0,254.428,2.633,1772829943616,1772829944350,359,30.125,25
1,1,2026-03-06T20:42:16.147Z,20260306_154216,12,POINT_M_LOOSE,38,2,3,POINT,1,3,M,16,LOOSE,28,30,960,500,3,188,17,411.761,246.801,359.261,37.858,215.438,32,2.951,760,0,0,0,289.138,3.883,1772829944350,1772829945110,410,242.125,17
1,1,2026-03-06T20:42:16.147Z,20260306_154216,12,POINT_M_LOOSE,38,2,3,POINT,1,3,M,16,LOOSE,28,30,960,500,4,189,6,920.481,253.36,411.761,246.801,508.761,32,4.079,1273,0,1,1,522.767,3.204,1772829945110,1772829946383,915,246.125,6
1,1,2026-03-06T20:42:16.147Z,20260306_154216,12,POINT_M_LOOSE,38,2,3,POINT,1,3,M,16,LOOSE,28,30,960,500,5,190,26,629.558,463.194,920.481,253.36,358.7,32,3.61,795,0,0,0,395.467,4.541,1772829946383,1772829947178,620,468.125,26
1,1,2026-03-06T20:42:16.147Z,20260306_154216,12,POINT_M_LOOSE,39,3,3,POINT,1,3,M,16,LOOSE,28,30,960,500,1,191,1,317.332,315.464,480,250,175.346,32,2.696,1093,0,0,0,198.049,2.467,1772829947765,1772829948858,311,318.125,1
1,1,2026-03-06T20:42:16.147Z,20260306_154216,12,POINT_M_LOOSE,39,3,3,POINT,1,3,M,16,LOOSE,28,30,960,500,2,192,3,592.293,142.879,317.332,315.464,324.637,32,3.478,893,0,0,0,431.697,3.895,1772829948858,1772829949751,589,139.125,3
1,1,2026-03-06T20:42:16.147Z,20260306_154216,12,POINT_M_LOOSE,39,3,3,POINT,1,3,M,16,LOOSE,28,30,960,500,3,193,13,377.62,34.109,592.293,142.879,240.657,32,3.091,997,0,0,0,376.322,3.1,1772829949751,1772829950748,373,40.125,13
1,1,2026-03-06T20:42:16.147Z,20260306_154216,12,POINT_M_LOOSE,39,3,3,POINT,1,3,M,16,LOOSE,28,30,960,500,4,194,4,178.345,393.267,377.62,34.109,410.738,32,3.79,908,0,0,0,485.694,4.174,1772829950748,1772829951656,177,403.125,4
1,1,2026-03-06T20:42:16.147Z,20260306_154216,12,POINT_M_LOOSE,39,3,3,POINT,1,3,M,16,LOOSE,28,30,960,500,5,195,10,777.658,224.447,178.345,393.267,622.637,32,4.355,930,0,0,0,684.261,4.682,1772829951656,1772829952586,778,221.125,10
1,1,2026-03-06T20:42:16.147Z,20260306_154216,13,POINT_S_MED,40,1,3,POINT,1,4,S,10,MED,18,30,960,500,1,196,7,600.071,188.366,480,250,134.966,20,2.954,1138,0,0,0,85.724,2.596,1772829953254,1772829954392,605,189.125,7
1,1,2026-03-06T20:42:16.147Z,20260306_154216,13,POINT_S_MED,40,1,3,POINT,1,4,S,10,MED,18,30,960,500,2,197,5,268.141,293.566,600.071,188.366,348.203,20,4.202,1051,0,0,0,453.437,3.999,1772829954392,1772829955443,261,293.125,5
1,1,2026-03-06T20:42:16.147Z,20260306_154216,13,POINT_S_MED,40,1,3,POINT,1,4,S,10,MED,18,30,960,500,3,198,24,203.776,182.911,268.141,293.566,128.014,20,2.888,1341,0,0,0,238.07,2.153,1772829955444,1772829956785,207,183.125,24
1,1,2026-03-06T20:42:16.147Z,20260306_154216,13,POINT_S_MED,40,1,3,POINT,1,4,S,10,MED,18,30,960,500,4,199,26,593.186,443.381,203.776,182.911,468.493,20,4.61,1200,0,0,0,506.936,3.842,1772829956785,1772829957985,593,442.125,26
1,1,2026-03-06T20:42:16.147Z,20260306_154216,13,POINT_S_MED,40,1,3,POINT,1,4,S,10,MED,18,30,960,500,5,200,20,639.954,413.686,593.186,443.381,55.399,20,1.915,1034,0,0,0,58.608,1.852,1772829957985,1772829959019,635,412.125,20
1,1,2026-03-06T20:42:16.147Z,20260306_154216,13,POINT_S_MED,41,2,3,POINT,1,4,S,10,MED,18,30,960,500,1,201,25,254.677,30.357,480,250,314.665,20,4.065,1132,0,0,0,348.442,3.591,1772829959742,1772829960874,254,30.125,25
1,1,2026-03-06T20:42:16.147Z,20260306_154216,13,POINT_S_MED,41,2,3,POINT,1,4,S,10,MED,18,30,960,500,2,202,24,197.888,459.242,254.677,30.357,432.629,20,4.5,1275,0,1,1,496.9,3.53,1772829960874,1772829962149,203,461.125,24
1,1,2026-03-06T20:42:16.147Z,20260306_154216,13,POINT_S_MED,41,2,3,POINT,1,4,S,10,MED,18,30,960,500,3,203,4,589.493,226.308,197.888,459.242,455.645,20,4.572,1033,0,0,0,514.582,4.426,1772829962149,1772829963182,585,223.125,4
1,1,2026-03-06T20:42:16.147Z,20260306_154216,13,POINT_S_MED,41,2,3,POINT,1,4,S,10,MED,18,30,960,500,4,204,10,828.432,154.67,589.493,226.308,249.448,20,3.752,1123,0,0,0,326.704,3.341,1772829963183,1772829964306,827,155.125,10
1,1,2026-03-06T20:42:16.147Z,20260306_154216,13,POINT_S_MED,41,2,3,POINT,1,4,S,10,MED,18,30,960,500,5,205,26,543.143,154.097,828.432,154.67,285.29,20,3.932,976,0,0,0,334.155,4.029,1772829964306,1772829965282,544,157.125,26
1,1,2026-03-06T20:42:16.147Z,20260306_154216,13,POINT_S_MED,42,3,3,POINT,1,4,S,10,MED,18,30,960,500,1,206,21,358.686,285.372,480,250,126.366,20,2.872,1103,0,0,0,268.475,2.603,1772829966371,1772829967474,366,284.125,21
1,1,2026-03-06T20:42:16.147Z,20260306_154216,13,POINT_S_MED,42,3,3,POINT,1,4,S,10,MED,18,30,960,500,2,207,2,603.506,153.573,358.686,285.372,278.043,20,3.897,1010,0,0,0,280.221,3.859,1772829967474,1772829968484,601,156.125,2
1,1,2026-03-06T20:42:16.147Z,20260306_154216,13,POINT_S_MED,42,3,3,POINT,1,4,S,10,MED,18,30,960,500,3,208,12,149.724,184.798,603.506,153.573,454.855,20,4.569,895,0,0,0,472.331,5.105,1772829968484,1772829969379,150,187.125,12
1,1,2026-03-06T20:42:16.147Z,20260306_154216,13,POINT_S_MED,42,3,3,POINT,1,4,S,10,MED,18,30,960,500,4,209,17,547.034,270.105,149.724,184.798,406.364,20,4.414,795,0,0,0,409.798,5.552,1772829969380,1772829970175,545,269.125,17
1,1,2026-03-06T20:42:16.147Z,20260306_154216,13,POINT_S_MED,42,3,3,POINT,1,4,S,10,MED,18,30,960,500,5,210,13,890.806,68.715,547.034,270.105,398.419,20,4.387,1037,0,0,0,453.574,4.23,1772829970175,1772829971212,890,69.125,13
1,1,2026-03-06T20:42:16.147Z,20260306_154216,14,POINT_S_LOOSE,43,1,3,POINT,1,5,S,10,LOOSE,28,30,960,500,1,211,15,791.099,78.95,480,250,355.022,20,4.229,1182,0,0,0,469.444,3.578,1772829971796,1772829972978,793,79.125,15
1,1,2026-03-06T20:42:16.147Z,20260306_154216,14,POINT_S_LOOSE,43,1,3,POINT,1,5,S,10,LOOSE,28,30,960,500,2,212,10,506.389,382.471,791.099,78.95,416.154,20,4.447,922,0,0,0,494.793,4.823,1772829972978,1772829973900,504,384.125,10
1,1,2026-03-06T20:42:16.147Z,20260306_154216,14,POINT_S_LOOSE,43,1,3,POINT,1,5,S,10,LOOSE,28,30,960,500,3,213,1,133.214,447.193,506.389,382.471,378.746,20,4.317,1426,0,0,0,810.05,3.028,1772829973900,1772829975326,143,446.125,1
1,1,2026-03-06T20:42:16.147Z,20260306_154216,14,POINT_S_LOOSE,43,1,3,POINT,1,5,S,10,LOOSE,28,30,960,500,4,214,9,275.543,401.492,133.214,447.193,149.487,20,3.083,989,0,0,0,155.192,3.117,1772829975326,1772829976315,275,404.125,9
1,1,2026-03-06T20:42:16.147Z,20260306_154216,14,POINT_S_LOOSE,43,1,3,POINT,1,5,S,10,LOOSE,28,30,960,500,5,215,13,453.207,258.556,275.543,401.492,228.024,20,3.632,1058,0,0,0,234.049,3.433,1772829976315,1772829977373,447,262.125,13
1,1,2026-03-06T20:42:16.147Z,20260306_154216,14,POINT_S_LOOSE,44,2,3,POINT,1,5,S,10,LOOSE,28,30,960,500,1,216,17,617.387,81.821,480,250,217.162,20,3.568,975,0,0,0,305.654,3.659,1772829978003,1772829978978,622,78.125,17
1,1,2026-03-06T20:42:16.147Z,20260306_154216,14,POINT_S_LOOSE,44,2,3,POINT,1,5,S,10,LOOSE,28,30,960,500,2,217,27,775.74,296.432,617.387,81.821,266.708,20,3.842,1081,0,0,0,287.931,3.554,1772829978978,1772829980059,773,293.125,27
1,1,2026-03-06T20:42:16.147Z,20260306_154216,14,POINT_S_LOOSE,44,2,3,POINT,1,5,S,10,LOOSE,28,30,960,500,3,218,23,538.073,177.155,775.74,296.432,265.917,20,3.838,1177,0,1,1,273.186,3.26,1772829980059,1772829981236,547,180.125,23
1,1,2026-03-06T20:42:16.147Z,20260306_154216,14,POINT_S_LOOSE,44,2,3,POINT,1,5,S,10,LOOSE,28,30,960,500,4,219,10,923.503,158.899,538.073,177.155,385.862,20,4.343,1477,0,1,1,471.566,2.94,1772829981236,1772829982713,927,158.125,10
1,1,2026-03-06T20:42:16.147Z,20260306_154216,14,POINT_S_LOOSE,44,2,3,POINT,1,5,S,10,LOOSE,28,30,960,500,5,220,5,932.711,306.433,923.503,158.899,147.821,20,3.069,925,0,0,0,158.697,3.318,1772829982713,1772829983638,929,299.125,5
1,1,2026-03-06T20:42:16.147Z,20260306_154216,14,POINT_S_LOOSE,45,3,3,POINT,1,5,S,10,LOOSE,28,30,960,500,1,221,21,372.452,262.202,480,250,108.238,20,2.681,980,0,0,0,190.97,2.735,1772829984244,1772829985224,374,266.125,21
1,1,2026-03-06T20:42:16.147Z,20260306_154216,14,POINT_S_LOOSE,45,3,3,POINT,1,5,S,10,LOOSE,28,30,960,500,2,222,25,567.094,329.143,372.452,262.202,205.831,20,3.497,909,0,0,0,244.007,3.847,1772829985224,1772829986133,567,321.125,25
1,1,2026-03-06T20:42:16.147Z,20260306_154216,14,POINT_S_LOOSE,45,3,3,POINT,1,5,S,10,LOOSE,28,30,960,500,3,223,18,715.238,60.863,567.094,329.143,306.466,20,4.029,1591,0,1,1,326.096,2.532,1772829986133,1772829987724,710,56.125,18
1,1,2026-03-06T20:42:16.147Z,20260306_154216,14,POINT_S_LOOSE,45,3,3,POINT,1,5,S,10,LOOSE,28,30,960,500,4,224,17,23.592,341.947,715.238,60.863,746.581,20,5.26,1430,0,0,0,834.916,3.679,1772829987724,1772829989154,19,340.125,17
1,1,2026-03-06T20:42:16.147Z,20260306_154216,14,POINT_S_LOOSE,45,3,3,POINT,1,5,S,10,LOOSE,28,30,960,500,5,225,23,90.028,247.264,23.592,341.947,115.666,20,2.762,961,0,0,0,518.243,2.874,1772829989154,1772829990115,87,246.125,23
1,1,2026-03-06T20:42:16.147Z,20260306_154216,15,POINT_L_LOOSE,46,1,3,POINT,1,6,L,22,LOOSE,28,30,960,500,1,226,9,357.612,251.096,480,250,122.393,44,1.919,756,0,0,0,197.838,2.538,1772829990919,1772829991675,371,249.125,9
1,1,2026-03-06T20:42:16.147Z,20260306_154216,15,POINT_L_LOOSE,46,1,3,POINT,1,6,L,22,LOOSE,28,30,960,500,2,227,24,767.715,118.282,357.612,251.096,431.073,44,3.433,884,0,0,0,433.305,3.883,1772829991675,1772829992559,774,119.125,24
1,1,2026-03-06T20:42:16.147Z,20260306_154216,15,POINT_L_LOOSE,46,1,3,POINT,1,6,L,22,LOOSE,28,30,960,500,3,228,28,691.344,259.537,767.715,118.282,160.579,44,2.217,632,0,0,0,158.369,3.508,1772829992559,1772829993191,706,260.125,28
1,1,2026-03-06T20:42:16.147Z,20260306_154216,15,POINT_L_LOOSE,46,1,3,POINT,1,6,L,22,LOOSE,28,30,960,500,4,229,18,751.545,305.65,691.344,259.537,75.832,44,1.445,725,0,0,0,53.958,1.994,1772829993191,1772829993916,745,294.125,18
1,1,2026-03-06T20:42:16.147Z,20260306_154216,15,POINT_L_LOOSE,46,1,3,POINT,1,6,L,22,LOOSE,28,30,960,500,5,230,2,536.842,145.691,751.545,305.65,267.739,44,2.825,1097,0,0,0,260.97,2.575,1772829993916,1772829995013,542,148.125,2
1,1,2026-03-06T20:42:16.147Z,20260306_154216,15,POINT_L_LOOSE,47,2,3,POINT,1,6,L,22,LOOSE,28,30,960,500,1,231,16,430.441,384.817,480,250,143.637,44,2.092,883,0,0,0,152.93,2.37,1772829995743,1772829996626,430,387.125,16
1,1,2026-03-06T20:42:16.147Z,20260306_154216,15,POINT_L_LOOSE,47,2,3,POINT,1,6,L,22,LOOSE,28,30,960,500,2,232,18,159.367,317.323,430.441,384.817,279.349,44,2.878,914,0,0,0,414.32,3.148,1772829996626,1772829997540,171,319.125,18
1,1,2026-03-06T20:42:16.147Z,20260306_154216,15,POINT_L_LOOSE,47,2,3,POINT,1,6,L,22,LOOSE,28,30,960,500,3,233,12,827.967,97.55,159.367,317.323,703.794,44,4.087,945,0,0,0,716.423,4.325,1772829997541,1772829998486,821,99.125,12
1,1,2026-03-06T20:42:16.147Z,20260306_154216,15,POINT_L_LOOSE,47,2,3,POINT,1,6,L,22,LOOSE,28,30,960,500,4,234,1,708.095,80.624,827.967,97.55,121.061,44,1.907,825,0,0,0,240.738,2.312,1772829998486,1772829999311,717,78.125,1
1,1,2026-03-06T20:42:16.147Z,20260306_154216,15,POINT_L_LOOSE,47,2,3,POINT,1,6,L,22,LOOSE,28,30,960,500,5,235,16,430.441,384.817,708.095,80.624,411.856,44,3.373,846,0,0,0,552.295,3.987,1772829999311,1772830000157,426,390.125,16
1,1,2026-03-06T20:42:16.147Z,20260306_154216,15,POINT_L_LOOSE,48,3,3,POINT,1,6,L,22,LOOSE,28,30,960,500,1,236,12,719.129,159.288,480,250,255.757,44,2.768,846,0,0,0,384.21,3.272,1772830000842,1772830001688,729,151.125,12
1,1,2026-03-06T20:42:16.147Z,20260306_154216,15,POINT_L_LOOSE,48,3,3,POINT,1,6,L,22,LOOSE,28,30,960,500,2,237,21,381.515,177.153,719.129,159.288,338.087,44,3.118,937,0,0,0,375.069,3.328,1772830001688,1772830002625,398,180.125,21
1,1,2026-03-06T20:42:16.147Z,20260306_154216,15,POINT_L_LOOSE,48,3,3,POINT,1,6,L,22,LOOSE,28,30,960,500,3,238,29,672.707,274.439,381.515,177.153,307.014,44,2.996,755,0,0,0,297.419,3.968,1772830002625,1772830003380,661,276.125,29
1,1,2026-03-06T20:42:16.147Z,20260306_154216,15,POINT_L_LOOSE,48,3,3,POINT,1,6,L,22,LOOSE,28,30,960,500,4,239,12,719.129,159.288,672.707,274.439,124.157,44,1.934,828,0,0,0,206.425,2.336,1772830003380,1772830004208,706,150.125,12
1,1,2026-03-06T20:42:16.147Z,20260306_154216,15,POINT_L_LOOSE,48,3,3,POINT,1,6,L,22,LOOSE,28,30,960,500,5,240,18,705.876,412.09,719.129,159.288,253.149,44,2.756,846,0,0,0,277.315,3.257,1772830004208,1772830005054,688,400.125,18
1,1,2026-03-06T20:42:16.147Z,20260306_154216,16,POINT_S_TIGHT,49,1,3,POINT,1,7,S,10,TIGHT,8,30,960,500,1,241,1,459.511,397.366,480,250,148.784,20,3.077,1149,0,0,0,166.47,2.678,1772830005595,1772830006744,456,392.125,1
1,1,2026-03-06T20:42:16.147Z,20260306_154216,16,POINT_S_TIGHT,49,1,3,POINT,1,7,S,10,TIGHT,8,30,960,500,2,242,22,858.819,252.108,459.511,397.366,424.907,20,4.475,965,0,0,0,475.828,4.638,1772830006744,1772830007709,862,249.125,22
1,1,2026-03-06T20:42:16.147Z,20260306_154216,16,POINT_S_TIGHT,49,1,3,POINT,1,7,S,10,TIGHT,8,30,960,500,3,243,0,241.031,170.894,858.819,252.108,623.103,20,5.007,1066,0,0,0,637.971,4.697,1772830007709,1772830008775,249,175.125,0
1,1,2026-03-06T20:42:16.147Z,20260306_154216,16,POINT_S_TIGHT,49,1,3,POINT,1,7,S,10,TIGHT,8,30,960,500,4,244,26,518.686,261.984,241.031,170.894,292.216,20,3.964,773,0,0,0,390.773,5.129,1772830008775,1772830009548,516,264.125,26
1,1,2026-03-06T20:42:16.147Z,20260306_154216,16,POINT_S_TIGHT,49,1,3,POINT,1,7,S,10,TIGHT,8,30,960,500,5,245,20,922.755,327.459,518.686,261.984,409.34,20,4.424,983,0,0,0,439.181,4.501,1772830009548,1772830010531,918,323.125,20
1,1,2026-03-06T20:42:16.147Z,20260306_154216,16,POINT_S_TIGHT,50,2,3,POINT,1,7,S,10,TIGHT,8,30,960,500,1,246,19,478.33,353.766,480,250,103.779,20,2.63,1108,0,0,0,129.725,2.373,1772830011116,1772830012224,482,351.125,19
1,1,2026-03-06T20:42:16.147Z,20260306_154216,16,POINT_S_TIGHT,50,2,3,POINT,1,7,S,10,TIGHT,8,30,960,500,2,247,28,177.06,463.81,478.33,353.766,320.738,20,4.091,1133,0,0,0,495.927,3.61,1772830012224,1772830013357,182,462.125,28
1,1,2026-03-06T20:42:16.147Z,20260306_154216,16,POINT_S_TIGHT,50,2,3,POINT,1,7,S,10,TIGHT,8,30,960,500,3,248,3,276.528,418.826,177.06,463.81,109.167,20,2.691,884,0,0,0,293.868,3.044,1772830013357,1772830014241,280,424.125,3
1,1,2026-03-06T20:42:16.147Z,20260306_154216,16,POINT_S_TIGHT,50,2,3,POINT,1,7,S,10,TIGHT,8,30,960,500,4,249,12,703.952,335.388,276.528,418.826,435.492,20,4.509,1005,0,0,0,449.265,4.487,1772830014241,1772830015246,709,342.125,12
1,1,2026-03-06T20:42:16.147Z,20260306_154216,16,POINT_S_TIGHT,50,2,3,POINT,1,7,S,10,TIGHT,8,30,960,500,5,250,5,359.701,93.086,703.952,335.388,420.974,20,4.463,1232,0,0,0,445.675,3.622,1772830015246,1772830016478,367,99.125,5
1,1,2026-03-06T20:42:16.147Z,20260306_154216,16,POINT_S_TIGHT,51,3,3,POINT,1,7,S,10,TIGHT,8,30,960,500,1,251,26,472.371,57.345,480,250,192.806,20,3.411,1087,0,0,0,250.52,3.138,1772830017086,1772830018173,480,57.125,26
1,1,2026-03-06T20:42:16.147Z,20260306_154216,16,POINT_S_TIGHT,51,3,3,POINT,1,7,S,10,TIGHT,8,30,960,500,2,252,27,825.161,85.997,472.371,57.345,353.951,20,4.225,1160,0,0,0,474.301,3.642,1772830018173,1772830019333,829,89.125,27
1,1,2026-03-06T20:42:16.147Z,20260306_154216,16,POINT_S_TIGHT,51,3,3,POINT,1,7,S,10,TIGHT,8,30,960,500,3,253,11,430.277,288.839,825.161,85.997,443.934,20,4.536,1015,0,0,0,637.501,4.469,1772830019333,1772830020348,428,285.125,11
1,1,2026-03-06T20:42:16.147Z,20260306_154216,16,POINT_S_TIGHT,51,3,3,POINT,1,7,S,10,TIGHT,8,30,960,500,4,254,24,562.286,338.473,430.277,288.839,141.031,20,3.009,797,0,0,0,200.331,3.776,1772830020348,1772830021145,562,336.125,24
1,1,2026-03-06T20:42:16.147Z,20260306_154216,16,POINT_S_TIGHT,51,3,3,POINT,1,7,S,10,TIGHT,8,30,960,500,5,255,27,825.161,85.997,562.286,338.473,364.482,20,4.265,924,0,0,0,406.684,4.616,1772830021145,1772830022069,827,83.125,27
1,1,2026-03-06T20:42:16.147Z,20260306_154216,17,POINT_M_TIGHT,52,1,3,POINT,1,8,M,16,TIGHT,8,30,960,500,1,256,1,901.513,73.549,480,250,456.955,32,3.934,1033,0,0,0,490.111,3.808,1772830022682,1772830023715,900,69.125,1
1,1,2026-03-06T20:42:16.147Z,20260306_154216,17,POINT_M_TIGHT,52,1,3,POINT,1,8,M,16,TIGHT,8,30,960,500,2,257,18,84.926,207.053,901.513,73.549,827.428,32,4.747,1291,0,0,0,898.293,3.677,1772830023715,1772830025006,88,208.125,18
1,1,2026-03-06T20:42:16.147Z,20260306_154216,17,POINT_M_TIGHT,52,1,3,POINT,1,8,M,16,TIGHT,8,30,960,500,3,258,20,443.878,63.951,84.926,207.053,386.426,32,3.709,1274,0,0,0,585.583,2.911,1772830025006,1772830026280,446,58.125,20
1,1,2026-03-06T20:42:16.147Z,20260306_154216,17,POINT_M_TIGHT,52,1,3,POINT,1,8,M,16,TIGHT,8,30,960,500,4,259,12,317.739,252.983,443.878,63.951,227.253,32,3.018,871,0,0,0,303.999,3.465,1772830026280,1772830027151,311,249.125,12
1,1,2026-03-06T20:42:16.147Z,20260306_154216,17,POINT_M_TIGHT,52,1,3,POINT,1,8,M,16,TIGHT,8,30,960,500,5,260,20,443.878,63.951,317.739,252.983,227.253,32,3.018,1162,0,0,0,303.554,2.597,1772830027151,1772830028313,442,56.125,20
1,1,2026-03-06T20:42:16.147Z,20260306_154216,17,POINT_M_TIGHT,53,2,3,POINT,1,8,M,16,TIGHT,8,30,960,500,1,261,20,462.91,232.285,480,250,24.615,32,0.823,909,0,0,0,216.102,0.906,1772830028964,1772830029873,472,230.125,20
1,1,2026-03-06T20:42:16.147Z,20260306_154216,17,POINT_M_TIGHT,53,2,3,POINT,1,8,M,16,TIGHT,8,30,960,500,2,262,21,813.265,117.846,462.91,232.285,368.572,32,3.646,818,0,0,0,375.454,4.457,1772830029874,1772830030692,812,122.125,21
1,1,2026-03-06T20:42:16.147Z,20260306_154216,17,POINT_M_TIGHT,53,2,3,POINT,1,8,M,16,TIGHT,8,30,960,500,3,263,6,366.421,352.665,813.265,117.846,504.786,32,4.068,890,0,0,0,534.114,4.571,1772830030692,1772830031582,367,357.125,6
1,1,2026-03-06T20:42:16.147Z,20260306_154216,17,POINT_M_TIGHT,53,2,3,POINT,1,8,M,16,TIGHT,8,30,960,500,4,264,4,268.757,102.185,366.421,352.665,268.847,32,3.233,1247,0,0,0,547.223,2.593,1772830031582,1772830032829,281,109.125,4
1,1,2026-03-06T20:42:16.147Z,20260306_154216,17,POINT_M_TIGHT,53,2,3,POINT,1,8,M,16,TIGHT,8,30,960,500,5,265,22,759.607,379.39,268.757,102.185,563.716,32,4.218,973,0,0,0,599.667,4.336,1772830032830,1772830033803,759,383.125,22
1,1,2026-03-06T20:42:16.147Z,20260306_154216,17,POINT_M_TIGHT,54,3,3,POINT,1,8,M,16,TIGHT,8,30,960,500,1,266,22,657.913,473.925,480,250,285.999,32,3.313,1245,0,0,0,360.131,2.661,1772830034749,1772830035994,658,471.125,22
1,1,2026-03-06T20:42:16.147Z,20260306_154216,17,POINT_M_TIGHT,54,3,3,POINT,1,8,M,16,TIGHT,8,30,960,500,2,267,4,492.173,315.731,657.913,473.925,229.118,32,3.029,908,0,0,0,234.004,3.335,1772830035994,1772830036902,498,314.125,4
1,1,2026-03-06T20:42:16.147Z,20260306_154216,17,POINT_M_TIGHT,54,3,3,POINT,1,8,M,16,TIGHT,8,30,960,500,3,268,2,293.79,167.093,492.173,315.731,247.889,32,3.129,868,0,0,0,252.264,3.605,1772830036902,1772830037770,291,176.125,2
1,1,2026-03-06T20:42:16.147Z,20260306_154216,17,POINT_M_TIGHT,54,3,3,POINT,1,8,M,16,TIGHT,8,30,960,500,4,269,5,545.363,79.141,293.79,167.093,266.505,32,3.222,1088,0,0,0,287.208,2.961,1772830037770,1772830038858,556,86.125,5
1,1,2026-03-06T20:42:16.147Z,20260306_154216,17,POINT_M_TIGHT,54,3,3,POINT,1,8,M,16,TIGHT,8,30,960,500,5,270,8,565.913,228.371,545.363,79.141,150.639,32,2.513,834,0,0,0,269.473,3.013,1772830038858,1772830039692,566,240.125,8
1,1,2026-03-06T20:42:16.147Z,20260306_154216,18,AREA_S_LOOSE,55,1,3,AREA,2,0,S,10,LOOSE,28,30,960,500,1,271,20,53.676,324.467,480,250,432.778,20,4.501,989,0,0,0,528.161,4.551,1772830040276,1772830041265,57,320.125,20
1,1,2026-03-06T20:42:16.147Z,20260306_154216,18,AREA_S_LOOSE,55,1,3,AREA,2,0,S,10,LOOSE,28,30,960,500,2,272,10,755.834,75.453,53.676,324.467,745.006,20,5.257,967,0,0,0,858.397,5.437,1772830041265,1772830042232,768,89.125,10
1,1,2026-03-06T20:42:16.147Z,20260306_154216,18,AREA_S_LOOSE,55,1,3,AREA,2,0,S,10,LOOSE,28,30,960,500,3,273,2,436.869,396.621,755.834,75.453,452.646,20,4.563,796,0,0,0,480.163,5.732,1772830042232,1772830043028,463,421.125,2
1,1,2026-03-06T20:42:16.147Z,20260306_154216,18,AREA_S_LOOSE,55,1,3,AREA,2,0,S,10,LOOSE,28,30,960,500,4,274,3,647.384,475.724,436.869,396.621,224.887,20,3.614,720,0,0,0,262.094,5.02,1772830043028,1772830043748,620,483.125,3
1,1,2026-03-06T20:42:16.147Z,20260306_154216,18,AREA_S_LOOSE,55,1,3,AREA,2,0,S,10,LOOSE,28,30,960,500,5,275,19,138.254,131.51,647.384,475.724,614.57,20,4.988,802,0,0,0,635.204,6.219,1772830043748,1772830044550,112,143.125,19
1,1,2026-03-06T20:42:16.147Z,20260306_154216,18,AREA_S_LOOSE,56,2,3,AREA,2,0,S,10,LOOSE,28,30,960,500,1,276,2,382.039,412.603,480,250,189.832,20,3.391,1205,0,0,0,235.092,2.814,1772830045386,1772830046591,386,417.125,2
1,1,2026-03-06T20:42:16.147Z,20260306_154216,18,AREA_S_LOOSE,56,2,3,AREA,2,0,S,10,LOOSE,28,30,960,500,2,277,5,721.958,110.329,382.039,412.603,454.879,20,4.569,1261,0,0,0,619.921,3.624,1772830046591,1772830047852,728,110.125,5
1,1,2026-03-06T20:42:16.147Z,20260306_154216,18,AREA_S_LOOSE,56,2,3,AREA,2,0,S,10,LOOSE,28,30,960,500,3,278,20,327.059,397.166,721.958,110.329,488.079,20,4.667,1033,0,0,0,541.544,4.518,1772830047852,1772830048885,332,391.125,20
1,1,2026-03-06T20:42:16.147Z,20260306_154216,18,AREA_S_LOOSE,56,2,3,AREA,2,0,S,10,LOOSE,28,30,960,500,4,279,13,153.305,369.829,327.059,397.166,175.891,20,3.292,848,0,0,0,308.336,3.882,1772830048885,1772830049733,175,372.125,13
1,1,2026-03-06T20:42:16.147Z,20260306_154216,18,AREA_S_LOOSE,56,2,3,AREA,2,0,S,10,LOOSE,28,30,960,500,5,280,5,721.958,110.329,153.305,369.829,625.065,20,5.011,1012,0,0,0,729.134,4.952,1772830049733,1772830050745,746,115.125,5
1,1,2026-03-06T20:42:16.147Z,20260306_154216,18,AREA_S_LOOSE,57,3,3,AREA,2,0,S,10,LOOSE,28,30,960,500,1,281,22,826.256,136.787,480,250,364.294,20,4.264,958,0,0,0,408.342,4.451,1772830051310,1772830052268,820,136.125,22
1,1,2026-03-06T20:42:16.147Z,20260306_154216,18,AREA_S_LOOSE,57,3,3,AREA,2,0,S,10,LOOSE,28,30,960,500,2,282,13,766.809,306.267,826.256,136.787,179.603,20,3.319,757,0,0,0,400.598,4.384,1772830052268,1772830053025,764,290.125,13
1,1,2026-03-06T20:42:16.147Z,20260306_154216,18,AREA_S_LOOSE,57,3,3,AREA,2,0,S,10,LOOSE,28,30,960,500,3,283,28,678.084,318.332,766.809,306.267,89.542,20,2.453,675,0,0,0,93.465,3.635,1772830053025,1772830053700,684,316.125,28
1,1,2026-03-06T20:42:16.147Z,20260306_154216,18,AREA_S_LOOSE,57,3,3,AREA,2,0,S,10,LOOSE,28,30,960,500,4,284,4,152.166,334.545,678.084,318.332,526.168,20,4.771,779,0,0,0,543.672,6.125,1772830053700,1772830054479,151,347.125,4
1,1,2026-03-06T20:42:16.147Z,20260306_154216,18,AREA_S_LOOSE,57,3,3,AREA,2,0,S,10,LOOSE,28,30,960,500,5,285,12,433.522,225.319,152.166,334.545,301.814,20,4.008,917,0,0,0,305.991,4.371,1772830054479,1772830055396,422,224.125,12
1,1,2026-03-06T20:42:16.147Z,20260306_154216,19,AREA_S_MED,58,1,3,AREA,2,1,S,10,MED,18,30,960,500,1,286,25,588.417,266.351,480,250,109.643,20,2.696,1170,0,0,0,173.802,2.305,1772830055942,1772830057112,585,263.125,25
1,1,2026-03-06T20:42:16.147Z,20260306_154216,19,AREA_S_MED,58,1,3,AREA,2,1,S,10,MED,18,30,960,500,2,287,26,677.604,149.106,588.417,266.351,147.312,20,3.064,923,0,0,0,179.536,3.32,1772830057112,1772830058035,676,149.125,26
1,1,2026-03-06T20:42:16.147Z,20260306_154216,19,AREA_S_MED,58,1,3,AREA,2,1,S,10,MED,18,30,960,500,3,288,17,290.415,360.301,677.604,149.106,441.042,20,4.527,1307,0,1,1,486.266,3.464,1772830058035,1772830059342,294,363.125,17
1,1,2026-03-06T20:42:16.147Z,20260306_154216,19,AREA_S_MED,58,1,3,AREA,2,1,S,10,MED,18,30,960,500,4,289,1,503.007,59.438,290.415,360.301,368.393,20,4.279,965,0,0,0,404.397,4.435,1772830059342,1772830060307,506,67.125,1
1,1,2026-03-06T20:42:16.147Z,20260306_154216,19,AREA_S_MED,58,1,3,AREA,2,1,S,10,MED,18,30,960,500,5,290,14,195.536,57.42,503.007,59.438,307.477,20,4.033,1058,0,0,0,334.276,3.812,1772830060307,1772830061365,204,53.125,14
1,1,2026-03-06T20:42:16.147Z,20260306_154216,19,AREA_S_MED,59,2,3,AREA,2,1,S,10,MED,18,30,960,500,1,291,8,928.551,364.48,480,250,462.93,20,4.594,959,0,0,0,587.766,4.79,1772830061981,1772830062940,929,366.125,8
1,1,2026-03-06T20:42:16.147Z,20260306_154216,19,AREA_S_MED,59,2,3,AREA,2,1,S,10,MED,18,30,960,500,2,292,10,914.345,81.943,928.551,364.48,282.895,20,3.921,813,0,0,0,306.691,4.823,1772830062940,1772830063753,938,83.125,10
1,1,2026-03-06T20:42:16.147Z,20260306_154216,19,AREA_S_MED,59,2,3,AREA,2,1,S,10,MED,18,30,960,500,3,293,8,928.551,364.48,914.345,81.943,282.895,20,3.921,951,0,0,0,360.222,4.123,1772830063753,1772830064704,917,361.125,8
1,1,2026-03-06T20:42:16.147Z,20260306_154216,19,AREA_S_MED,59,2,3,AREA,2,1,S,10,MED,18,30,960,500,4,294,6,422.649,160.993,928.551,364.48,545.292,20,4.821,1071,0,0,0,609.89,4.501,1772830064704,1772830065775,419,157.125,6
1,1,2026-03-06T20:42:16.147Z,20260306_154216,19,AREA_S_MED,59,2,3,AREA,2,1,S,10,MED,18,30,960,500,5,295,24,223.715,359.319,422.649,160.993,280.905,20,3.911,893,0,0,0,287.973,4.38,1772830065775,1772830066668,231,352.125,24
1,1,2026-03-06T20:42:16.147Z,20260306_154216,19,AREA_S_MED,60,3,3,AREA,2,1,S,10,MED,18,30,960,500,1,296,6,335.624,414.209,480,250,218.653,20,3.577,1438,0,0,0,802.423,2.487,1772830067457,1772830068895,326,412.125,6
1,1,2026-03-06T20:42:16.147Z,20260306_154216,19,AREA_S_MED,60,3,3,AREA,2,1,S,10,MED,18,30,960,500,2,297,16,125.457,373.33,335.624,414.209,214.105,20,3.549,1371,0,0,0,398.853,2.589,1772830068895,1772830070266,127,376.125,16
1,1,2026-03-06T20:42:16.147Z,20260306_154216,19,AREA_S_MED,60,3,3,AREA,2,1,S,10,MED,18,30,960,500,3,298,0,303.085,311.619,125.457,373.33,188.043,20,3.379,819,0,0,0,312.629,4.126,1772830070266,1772830071085,305,308.125,0
1,1,2026-03-06T20:42:16.147Z,20260306_154216,19,AREA_S_MED,60,3,3,AREA,2,1,S,10,MED,18,30,960,500,4,299,25,888.478,192.321,303.085,311.619,597.424,20,4.948,1057,0,0,0,624.276,4.681,1772830071085,1772830072142,880,196.125,25
1,1,2026-03-06T20:42:16.147Z,20260306_154216,19,AREA_S_MED,60,3,3,AREA,2,1,S,10,MED,18,30,960,500,5,300,23,128.52,412.764,888.478,192.321,791.284,20,5.342,1186,0,0,0,851.094,4.504,1772830072143,1772830073329,128,416.125,23
1,1,2026-03-06T20:42:16.147Z,20260306_154216,20,AREA_M_TIGHT,61,1,3,AREA,2,2,M,16,TIGHT,8,30,960,500,1,301,15,613.004,370.725,480,250,179.624,32,2.725,854,0,0,0,208.331,3.191,1772830073974,1772830074828,603,372.125,15
1,1,2026-03-06T20:42:16.147Z,20260306_154216,20,AREA_M_TIGHT,61,1,3,AREA,2,2,M,16,TIGHT,8,30,960,500,2,302,8,850.413,342.838,613.004,370.725,239.041,32,3.082,642,0,0,0,256.783,4.801,1772830074829,1772830075471,852,351.125,8
1,1,2026-03-06T20:42:16.147Z,20260306_154216,20,AREA_M_TIGHT,61,1,3,AREA,2,2,M,16,TIGHT,8,30,960,500,3,303,10,400.077,139.475,850.413,342.838,494.124,32,4.039,939,0,0,0,636.65,4.302,1772830075471,1772830076410,403,131.125,10
1,1,2026-03-06T20:42:16.147Z,20260306_154216,20,AREA_M_TIGHT,61,1,3,AREA,2,2,M,16,TIGHT,8,30,960,500,4,304,16,682.167,347.114,400.077,139.475,350.27,32,3.578,819,0,0,0,360.549,4.369,1772830076410,1772830077229,671,350.125,16
1,1,2026-03-06T20:42:16.147Z,20260306_154216,20,AREA_M_TIGHT,61,1,3,AREA,2,2,M,16,TIGHT,8,30,960,500,5,305,25,741.685,208.771,682.167,347.114,150.602,32,2.513,847,0,0,0,464.16,2.966,1772830077229,1772830078076,728,210.125,25
1,1,2026-03-06T20:42:16.147Z,20260306_154216,20,AREA_M_TIGHT,62,2,3,AREA,2,2,M,16,TIGHT,8,30,960,500,1,306,7,297.911,193.045,480,250,190.788,32,2.8,952,0,0,0,307.38,2.941,1772830078608,1772830079560,296,182.125,7
1,1,2026-03-06T20:42:16.147Z,20260306_154216,20,AREA_M_TIGHT,62,2,3,AREA,2,2,M,16,TIGHT,8,30,960,500,2,307,6,705.925,68.194,297.911,193.045,426.688,32,3.841,869,0,0,0,442.848,4.42,1772830079560,1772830080429,708,66.125,6
1,1,2026-03-06T20:42:16.147Z,20260306_154216,20,AREA_M_TIGHT,62,2,3,AREA,2,2,M,16,TIGHT,8,30,960,500,3,308,18,327.612,441.535,705.925,68.194,531.511,32,4.138,998,0,0,0,552.826,4.147,1772830080429,1772830081427,337,439.125,18
1,1,2026-03-06T20:42:16.147Z,20260306_154216,20,AREA_M_TIGHT,62,2,3,AREA,2,2,M,16,TIGHT,8,30,960,500,4,309,3,41.848,98.686,327.612,441.535,446.326,32,3.902,960,0,0,0,545.164,4.064,1772830081427,1772830082387,54,108.125,3
1,1,2026-03-06T20:42:16.147Z,20260306_154216,20,AREA_M_TIGHT,62,2,3,AREA,2,2,M,16,TIGHT,8,30,960,500,5,310,24,257.409,79.328,41.848,98.686,216.429,32,2.957,766,0,0,0,320.789,3.86,1772830082387,1772830083153,245,79.125,24
1,1,2026-03-06T20:42:16.147Z,20260306_154216,20,AREA_M_TIGHT,63,3,3,AREA,2,2,M,16,TIGHT,8,30,960,500,1,311,1,34.029,405.563,480,250,472.324,32,3.978,923,0,0,0,473.9,4.31,1772830083775,1772830084698,46,407.125,1
1,1,2026-03-06T20:42:16.147Z,20260306_154216,20,AREA_M_TIGHT,63,3,3,AREA,2,2,M,16,TIGHT,8,30,960,500,2,312,13,86.241,199.385,34.029,405.563,212.686,32,2.935,854,0,0,0,531.953,3.437,1772830084698,1772830085552,94,202.125,13
1,1,2026-03-06T20:42:16.147Z,20260306_154216,20,AREA_M_TIGHT,63,3,3,AREA,2,2,M,16,TIGHT,8,30,960,500,3,313,21,569.925,356.145,86.241,199.385,508.453,32,4.078,924,0,0,0,499.646,4.413,1772830085552,1772830086476,556,350.125,21
1,1,2026-03-06T20:42:16.147Z,20260306_154216,20,AREA_M_TIGHT,63,3,3,AREA,2,2,M,16,TIGHT,8,30,960,500,4,314,18,183.243,150.856,569.925,356.145,437.798,32,3.876,863,0,0,0,487.741,4.491,1772830086476,1772830087339,182,154.125,18
1,1,2026-03-06T20:42:16.147Z,20260306_154216,20,AREA_M_TIGHT,63,3,3,AREA,2,2,M,16,TIGHT,8,30,960,500,5,315,5,815.691,150.921,183.243,150.856,632.449,32,4.376,1251,0,1,1,634.771,3.498,1772830087339,1772830088590,811,145.125,5
1,1,2026-03-06T20:42:16.147Z,20260306_154216,21,AREA_S_TIGHT,64,1,3,AREA,2,3,S,10,TIGHT,8,30,960,500,1,316,25,270.558,285.801,480,250,212.48,20,3.539,960,0,0,0,228.287,3.686,1772830089160,1772830090120,270,285.125,25
1,1,2026-03-06T20:42:16.147Z,20260306_154216,21,AREA_S_TIGHT,64,1,3,AREA,2,3,S,10,TIGHT,8,30,960,500,2,317,5,744.26,106.005,270.558,285.801,506.676,20,4.719,1192,0,0,0,592.168,3.959,1772830090120,1772830091312,747,112.125,5
1,1,2026-03-06T20:42:16.147Z,20260306_154216,21,AREA_S_TIGHT,64,1,3,AREA,2,3,S,10,TIGHT,8,30,960,500,3,318,26,856.733,157.232,744.26,106.005,123.589,20,2.844,879,0,0,0,139.623,3.235,1772830091312,1772830092191,850,148.125,26
1,1,2026-03-06T20:42:16.147Z,20260306_154216,21,AREA_S_TIGHT,64,1,3,AREA,2,3,S,10,TIGHT,8,30,960,500,4,319,10,281.175,327.402,856.733,157.232,600.187,20,4.955,1168,0,0,0,665.823,4.242,1772830092191,1772830093359,278,324.125,10
1,1,2026-03-06T20:42:16.147Z,20260306_154216,21,AREA_S_TIGHT,64,1,3,AREA,2,3,S,10,TIGHT,8,30,960,500,5,320,23,620.005,281.829,281.175,327.402,341.881,20,4.177,849,0,0,0,377.742,4.92,1772830093359,1772830094208,614,282.125,23
1,1,2026-03-06T20:42:16.147Z,20260306_154216,21,AREA_S_TIGHT,65,2,3,AREA,2,3,S,10,TIGHT,8,30,960,500,1,321,18,66.62,172.683,480,250,420.548,20,4.461,1040,0,0,0,557.696,4.29,1772830094742,1772830095782,72,168.125,18
1,1,2026-03-06T20:42:16.147Z,20260306_154216,21,AREA_S_TIGHT,65,2,3,AREA,2,3,S,10,TIGHT,8,30,960,500,2,322,24,443.591,452.499,66.62,172.683,469.472,20,4.613,1028,0,0,0,505.503,4.488,1772830095782,1772830096810,444,454.125,24
1,1,2026-03-06T20:42:16.147Z,20260306_154216,21,AREA_S_TIGHT,65,2,3,AREA,2,3,S,10,TIGHT,8,30,960,500,3,323,20,238.009,420.751,443.591,452.499,208.02,20,3.511,890,0,0,0,409.909,3.945,1772830096810,1772830097700,234,424.125,20
1,1,2026-03-06T20:42:16.147Z,20260306_154216,21,AREA_S_TIGHT,65,2,3,AREA,2,3,S,10,TIGHT,8,30,960,500,4,324,2,411.318,118.019,238.009,420.751,348.831,20,4.205,948,0,0,0,370.163,4.436,1772830097700,1772830098648,403,123.125,2
1,1,2026-03-06T20:42:16.147Z,20260306_154216,21,AREA_S_TIGHT,65,2,3,AREA,2,3,S,10,TIGHT,8,30,960,500,5,325,25,233.598,110.298,411.318,118.019,177.888,20,3.307,990,0,0,0,203.395,3.34,1772830098648,1772830099638,235,113.125,25
1,1,2026-03-06T20:42:16.147Z,20260306_154216,21,AREA_S_TIGHT,66,3,3,AREA,2,3,S,10,TIGHT,8,30,960,500,1,326,5,884.73,311.691,480,250,409.404,20,4.424,1065,0,0,0,404.493,4.154,1772830100222,1772830101287,874,311.125,5
1,1,2026-03-06T20:42:16.147Z,20260306_154216,21,AREA_S_TIGHT,66,3,3,AREA,2,3,S,10,TIGHT,8,30,960,500,2,327,23,805.119,383.825,884.73,311.691,107.43,20,2.672,841,0,0,0,223.107,3.177,1772830101287,1772830102128,808,386.125,23
1,1,2026-03-06T20:42:16.147Z,20260306_154216,21,AREA_S_TIGHT,66,3,3,AREA,2,3,S,10,TIGHT,8,30,960,500,3,328,14,308.097,150.744,805.119,383.825,548.961,20,4.83,1064,0,0,0,683.803,4.54,1772830102129,1772830103193,312,158.125,14
1,1,2026-03-06T20:42:16.147Z,20260306_154216,21,AREA_S_TIGHT,66,3,3,AREA,2,3,S,10,TIGHT,8,30,960,500,4,329,4,254.825,262.25,308.097,150.744,123.577,20,2.844,690,0,0,0,221.487,4.121,1772830103193,1772830103883,253,258.125,4
1,1,2026-03-06T20:42:16.147Z,20260306_154216,21,AREA_S_TIGHT,66,3,3,AREA,2,3,S,10,TIGHT,8,30,960,500,5,330,21,596.948,96.17,254.825,262.25,380.304,20,4.323,1349,0,0,0,544.002,3.205,1772830103883,1772830105232,603,95.125,21
1,1,2026-03-06T20:42:16.147Z,20260306_154216,22,AREA_M_MED,67,1,3,AREA,2,4,M,16,MED,18,30,960,500,1,331,11,468.379,448.791,480,250,199.13,32,2.853,847,0,0,0,232.358,3.368,1772830107670,1772830108517,470,454.125,11
1,1,2026-03-06T20:42:16.147Z,20260306_154216,22,AREA_M_MED,67,1,3,AREA,2,4,M,16,MED,18,30,960,500,2,332,23,199.838,82.691,468.379,448.791,454.03,32,3.925,910,0,0,0,477.953,4.313,1772830108517,1772830109427,199,101.125,23
1,1,2026-03-06T20:42:16.147Z,20260306_154216,22,AREA_M_MED,67,1,3,AREA,2,4,M,16,MED,18,30,960,500,3,333,9,925.351,138.079,199.838,82.691,727.624,32,4.569,914,0,0,0,744.333,4.999,1772830109427,1772830110341,921,117.125,9
1,1,2026-03-06T20:42:16.147Z,20260306_154216,22,AREA_M_MED,67,1,3,AREA,2,4,M,16,MED,18,30,960,500,4,334,13,255.82,422.576,925.351,138.079,727.469,32,4.569,1033,0,0,0,808.924,4.423,1772830110341,1772830111374,251,423.125,13
1,1,2026-03-06T20:42:16.147Z,20260306_154216,22,AREA_M_MED,67,1,3,AREA,2,4,M,16,MED,18,30,960,500,5,335,22,479.507,28.972,255.82,422.576,452.725,32,3.921,857,0,0,0,466.868,4.575,1772830111374,1772830112231,458,30.125,22
1,1,2026-03-06T20:42:16.147Z,20260306_154216,22,AREA_M_MED,68,2,3,AREA,2,4,M,16,MED,18,30,960,500,1,336,9,707.93,170.344,480,250,241.449,32,3.095,931,0,0,0,297.273,3.325,1772830112861,1772830113792,696,171.125,9
1,1,2026-03-06T20:42:16.147Z,20260306_154216,22,AREA_M_MED,68,2,3,AREA,2,4,M,16,MED,18,30,960,500,2,337,26,812.01,130.994,707.93,170.344,111.27,32,2.163,703,0,0,0,200.864,3.076,1772830113792,1772830114495,816,126.125,26
1,1,2026-03-06T20:42:16.147Z,20260306_154216,22,AREA_M_MED,68,2,3,AREA,2,4,M,16,MED,18,30,960,500,3,338,22,675.364,339.139,812.01,130.994,248.991,32,3.134,946,0,0,0,289.428,3.313,1772830114495,1772830115441,679,345.125,22
1,1,2026-03-06T20:42:16.147Z,20260306_154216,22,AREA_M_MED,68,2,3,AREA,2,4,M,16,MED,18,30,960,500,4,339,14,234.812,162.316,675.364,339.139,474.712,32,3.985,981,0,0,0,572.658,4.062,1772830115441,1772830116422,217,158.125,14
1,1,2026-03-06T20:42:16.147Z,20260306_154216,22,AREA_M_MED,68,2,3,AREA,2,4,M,16,MED,18,30,960,500,5,340,13,920.628,303.059,234.812,162.316,700.108,32,4.516,1050,0,0,0,750.676,4.301,1772830116422,1772830117472,932,302.125,13
1,1,2026-03-06T20:42:16.147Z,20260306_154216,22,AREA_M_MED,69,3,3,AREA,2,4,M,16,MED,18,30,960,500,1,341,19,679.603,125.576,480,250,235.208,32,3.062,946,0,0,0,317.53,3.237,1772830118065,1772830119011,667,130.125,19
1,1,2026-03-06T20:42:16.147Z,20260306_154216,22,AREA_M_MED,69,3,3,AREA,2,4,M,16,MED,18,30,960,500,2,342,2,833.57,377.367,679.603,125.576,295.135,32,3.354,774,0,0,0,530.021,4.333,1772830119011,1772830119785,835,367.125,2
1,1,2026-03-06T20:42:16.147Z,20260306_154216,22,AREA_M_MED,69,3,3,AREA,2,4,M,16,MED,18,30,960,500,3,343,20,132.325,217.522,833.57,377.367,719.232,32,4.553,792,0,0,0,712.78,5.749,1772830119785,1772830120577,139,238.125,20
1,1,2026-03-06T20:42:16.147Z,20260306_154216,22,AREA_M_MED,69,3,3,AREA,2,4,M,16,MED,18,30,960,500,4,344,21,96.162,466.843,132.325,217.522,251.93,32,3.149,909,0,0,0,532.7,3.465,1772830120577,1772830121486,127,458.125,21
1,1,2026-03-06T20:42:16.147Z,20260306_154216,22,AREA_M_MED,69,3,3,AREA,2,4,M,16,MED,18,30,960,500,5,345,16,276.617,352.021,96.162,466.843,213.888,32,2.942,660,0,0,0,285.71,4.457,1772830121486,1772830122146,306,335.125,16
1,1,2026-03-06T20:42:16.147Z,20260306_154216,23,AREA_M_LOOSE,70,1,3,AREA,2,5,M,16,LOOSE,28,30,960,500,1,346,1,577.815,469.89,480,250,240.664,32,3.091,1004,0,0,0,299.701,3.079,1772830122715,1772830123719,587,462.125,1
1,1,2026-03-06T20:42:16.147Z,20260306_154216,23,AREA_M_LOOSE,70,1,3,AREA,2,5,M,16,LOOSE,28,30,960,500,2,347,12,600.081,178.688,577.815,469.89,292.051,32,3.34,750,0,0,0,288.435,4.453,1772830123720,1772830124470,613,190.125,12
1,1,2026-03-06T20:42:16.147Z,20260306_154216,23,AREA_M_LOOSE,70,1,3,AREA,2,5,M,16,LOOSE,28,30,960,500,3,348,7,130.664,146.21,600.081,178.688,470.539,32,3.973,1365,0,1,1,564.042,2.911,1772830124470,1772830125835,157,149.125,7
1,1,2026-03-06T20:42:16.147Z,20260306_154216,23,AREA_M_LOOSE,70,1,3,AREA,2,5,M,16,LOOSE,28,30,960,500,4,349,8,580.111,45.985,130.664,146.21,460.486,32,3.944,862,0,0,0,455.744,4.575,1772830125835,1772830126697,582,41.125,8
1,1,2026-03-06T20:42:16.147Z,20260306_154216,23,AREA_M_LOOSE,70,1,3,AREA,2,5,M,16,LOOSE,28,30,960,500,5,350,18,867.585,393.902,580.111,45.985,451.318,32,3.917,1035,0,0,0,653.46,3.784,1772830126698,1772830127733,874,400.125,18
1,1,2026-03-06T20:42:16.147Z,20260306_154216,23,AREA_M_LOOSE,71,2,3,AREA,2,5,M,16,LOOSE,28,30,960,500,1,351,1,147.882,201.231,480,250,335.679,32,3.522,975,0,0,0,420.276,3.613,1772830128273,1772830129248,151,199.125,1
1,1,2026-03-06T20:42:16.147Z,20260306_154216,23,AREA_M_LOOSE,71,2,3,AREA,2,5,M,16,LOOSE,28,30,960,500,2,352,21,609.567,472.187,147.882,201.231,535.323,32,4.148,1079,0,0,0,655.586,3.844,1772830129248,1772830130327,609,476.125,21
1,1,2026-03-06T20:42:16.147Z,20260306_154216,23,AREA_M_LOOSE,71,2,3,AREA,2,5,M,16,LOOSE,28,30,960,500,3,353,7,508.575,83.957,609.567,472.187,401.151,32,3.759,839,0,0,0,404.167,4.48,1772830130327,1772830131166,521,92.125,7
1,1,2026-03-06T20:42:16.147Z,20260306_154216,23,AREA_M_LOOSE,71,2,3,AREA,2,5,M,16,LOOSE,28,30,960,500,4,354,24,500.156,316.935,508.575,83.957,233.131,32,3.051,993,0,0,0,221.128,3.072,1772830131166,1772830132159,508,309.125,24
1,1,2026-03-06T20:42:16.147Z,20260306_154216,23,AREA_M_LOOSE,71,2,3,AREA,2,5,M,16,LOOSE,28,30,960,500,5,355,9,843.743,214.564,500.156,316.935,358.514,32,3.609,1085,0,0,0,374.645,3.326,1772830132159,1772830133244,833,219.125,9
1,1,2026-03-06T20:42:16.147Z,20260306_154216,23,AREA_M_LOOSE,72,3,3,AREA,2,5,M,16,LOOSE,28,30,960,500,1,356,1,548.073,41.209,480,250,219.608,32,2.975,1028,0,0,0,322.239,2.894,1772830134107,1772830135135,559,37.125,1
1,1,2026-03-06T20:42:16.147Z,20260306_154216,23,AREA_M_LOOSE,72,3,3,AREA,2,5,M,16,LOOSE,28,30,960,500,2,357,8,552.039,173.627,548.073,41.209,132.478,32,2.362,698,0,0,0,127.023,3.384,1772830135135,1772830135833,559,152.125,8
1,1,2026-03-06T20:42:16.147Z,20260306_154216,23,AREA_M_LOOSE,72,3,3,AREA,2,5,M,16,LOOSE,28,30,960,500,3,358,10,324.241,471.233,552.039,173.627,374.781,32,3.668,915,0,0,0,414.02,4.009,1772830135833,1772830136748,334,482.125,10
1,1,2026-03-06T20:42:16.147Z,20260306_154216,23,AREA_M_LOOSE,72,3,3,AREA,2,5,M,16,LOOSE,28,30,960,500,4,359,23,34.304,473.123,324.241,471.233,289.943,32,3.331,870,0,0,0,625.526,3.828,1772830136748,1772830137618,51,468.125,23
1,1,2026-03-06T20:42:16.147Z,20260306_154216,23,AREA_M_LOOSE,72,3,3,AREA,2,5,M,16,LOOSE,28,30,960,500,5,360,5,59.828,48.566,34.304,473.123,425.323,32,3.837,854,0,0,0,613.715,4.493,1772830137618,1772830138472,102,68.125,5
1,1,2026-03-06T20:42:16.147Z,20260306_154216,24,AREA_L_TIGHT,73,1,3,AREA,2,6,L,22,TIGHT,8,30,960,500,1,361,21,734.976,123.039,480,250,284.837,44,2.902,786,0,0,0,266.295,3.692,1772830139073,1772830139859,732,114.125,21
1,1,2026-03-06T20:42:16.147Z,20260306_154216,24,AREA_L_TIGHT,73,1,3,AREA,2,6,L,22,TIGHT,8,30,960,500,2,362,15,220.389,435.715,734.976,123.039,602.134,44,3.876,1022,0,0,0,785.065,3.793,1772830139859,1772830140881,218,451.125,15
1,1,2026-03-06T20:42:16.147Z,20260306_154216,24,AREA_L_TIGHT,73,1,3,AREA,2,6,L,22,TIGHT,8,30,960,500,3,363,20,41.081,81.042,220.389,435.715,397.422,44,3.327,824,0,0,0,682.64,4.037,1772830140881,1772830141705,59,82.125,20
1,1,2026-03-06T20:42:16.147Z,20260306_154216,24,AREA_L_TIGHT,73,1,3,AREA,2,6,L,22,TIGHT,8,30,960,500,4,364,29,788.825,123.522,41.081,81.042,748.95,44,4.172,981,0,0,0,847.82,4.252,1772830141705,1772830142686,798,124.125,29
1,1,2026-03-06T20:42:16.147Z,20260306_154216,24,AREA_L_TIGHT,73,1,3,AREA,2,6,L,22,TIGHT,8,30,960,500,5,365,9,433.817,277.227,788.825,123.522,386.854,44,3.292,994,0,0,0,397.069,3.311,1772830142686,1772830143680,445,274.125,9
1,1,2026-03-06T20:42:16.147Z,20260306_154216,24,AREA_L_TIGHT,74,2,3,AREA,2,6,L,22,TIGHT,8,30,960,500,1,366,0,477.933,463.289,480,250,213.299,44,2.548,1009,0,0,0,228.639,2.525,1772830144256,1772830145265,483,465.125,0
1,1,2026-03-06T20:42:16.147Z,20260306_154216,24,AREA_L_TIGHT,74,2,3,AREA,2,6,L,22,TIGHT,8,30,960,500,2,367,6,274.049,142.992,477.933,463.289,379.682,44,3.267,783,0,0,0,416.169,4.173,1772830145266,1772830146049,274,127.125,6
1,1,2026-03-06T20:42:16.147Z,20260306_154216,24,AREA_L_TIGHT,74,2,3,AREA,2,6,L,22,TIGHT,8,30,960,500,3,368,9,209.561,141.832,274.049,142.992,64.498,44,1.302,793,0,0,0,208.585,1.642,1772830146049,1772830146842,193,140.125,9
1,1,2026-03-06T20:42:16.147Z,20260306_154216,24,AREA_L_TIGHT,74,2,3,AREA,2,6,L,22,TIGHT,8,30,960,500,4,369,29,464.087,402.355,209.561,141.832,364.219,44,3.214,891,0,0,0,440.811,3.607,1772830146843,1772830147734,474,403.125,29
1,1,2026-03-06T20:42:16.147Z,20260306_154216,24,AREA_L_TIGHT,74,2,3,AREA,2,6,L,22,TIGHT,8,30,960,500,5,370,28,300.573,341.355,464.087,402.355,174.522,44,2.312,728,0,0,0,276.366,3.176,1772830147734,1772830148462,292,360.125,28
1,1,2026-03-06T20:42:16.147Z,20260306_154216,24,AREA_L_TIGHT,75,3,3,AREA,2,6,L,22,TIGHT,8,30,960,500,1,371,25,145.048,73.821,480,250,378.46,44,3.263,1005,0,0,0,445.859,3.247,1772830149084,1772830150089,149,69.125,25
1,1,2026-03-06T20:42:16.147Z,20260306_154216,24,AREA_L_TIGHT,75,3,3,AREA,2,6,L,22,TIGHT,8,30,960,500,2,372,0,712.622,363.93,145.048,73.821,637.419,44,3.953,818,0,0,0,656.089,4.832,1772830150089,1772830150907,719,360.125,0
1,1,2026-03-06T20:42:16.147Z,20260306_154216,24,AREA_L_TIGHT,75,3,3,AREA,2,6,L,22,TIGHT,8,30,960,500,3,373,1,558.435,259.604,712.622,363.93,186.165,44,2.387,710,0,0,0,186.737,3.362,1772830150907,1772830151617,574,253.125,1
1,1,2026-03-06T20:42:16.147Z,20260306_154216,24,AREA_L_TIGHT,75,3,3,AREA,2,6,L,22,TIGHT,8,30,960,500,4,374,8,483.971,443.109,558.435,259.604,198.038,44,2.46,797,0,0,0,207.056,3.086,1772830151617,1772830152414,498,432.125,8
1,1,2026-03-06T20:42:16.147Z,20260306_154216,24,AREA_L_TIGHT,75,3,3,AREA,2,6,L,22,TIGHT,8,30,960,500,5,375,10,697.621,187.861,483.971,443.109,332.864,44,3.098,901,0,0,0,349.595,3.439,1772830152414,1772830153315,699,187.125,10
1,1,2026-03-06T20:42:16.147Z,20260306_154216,25,AREA_L_MED,76,1,3,AREA,2,7,L,22,MED,18,30,960,500,1,376,19,178.624,455.113,480,250,364.553,44,3.215,855,0,0,0,368.285,3.76,1772830153953,1772830154808,195,454.125,19
1,1,2026-03-06T20:42:16.147Z,20260306_154216,25,AREA_L_MED,76,1,3,AREA,2,7,L,22,MED,18,30,960,500,2,377,23,534.357,47.519,178.624,455.113,540.998,44,3.733,906,0,0,0,522.474,4.12,1772830154808,1772830155714,516,47.125,23
1,1,2026-03-06T20:42:16.147Z,20260306_154216,25,AREA_L_MED,76,1,3,AREA,2,7,L,22,MED,18,30,960,500,3,378,16,174.341,218.976,534.357,47.519,398.76,44,3.331,1011,0,0,0,465.827,3.295,1772830155715,1772830156726,180,204.125,16
1,1,2026-03-06T20:42:16.147Z,20260306_154216,25,AREA_L_MED,76,1,3,AREA,2,7,L,22,MED,18,30,960,500,4,379,6,355.598,407.658,174.341,218.976,261.639,44,2.796,903,0,0,0,724.825,3.097,1772830156726,1772830157629,365,412.125,6
1,1,2026-03-06T20:42:16.147Z,20260306_154216,25,AREA_L_MED,76,1,3,AREA,2,7,L,22,MED,18,30,960,500,5,380,23,534.357,47.519,355.598,407.658,402.063,44,3.342,1041,0,0,0,413.124,3.21,1772830157629,1772830158670,535,44.125,23
1,1,2026-03-06T20:42:16.147Z,20260306_154216,25,AREA_L_MED,77,2,3,AREA,2,7,L,22,MED,18,30,960,500,1,381,21,514.808,296.112,480,250,57.775,44,1.21,778,0,0,0,68.054,1.555,1772830159430,1772830160208,507,298.125,21
1,1,2026-03-06T20:42:16.147Z,20260306_154216,25,AREA_L_MED,77,2,3,AREA,2,7,L,22,MED,18,30,960,500,2,382,9,352.669,52.096,514.808,296.112,292.972,44,2.937,900,0,0,0,294.72,3.263,1772830160208,1772830161108,354,53.125,9
1,1,2026-03-06T20:42:16.147Z,20260306_154216,25,AREA_L_MED,77,2,3,AREA,2,7,L,22,MED,18,30,960,500,3,383,5,596.279,99.02,352.669,52.096,248.088,44,2.731,803,0,0,0,289.038,3.401,1772830161108,1772830161911,576,106.125,5
1,1,2026-03-06T20:42:16.147Z,20260306_154216,25,AREA_L_MED,77,2,3,AREA,2,7,L,22,MED,18,30,960,500,4,384,7,405.593,139.156,596.279,99.02,194.864,44,2.441,704,0,0,0,216.055,3.467,1772830161911,1772830162615,416,136.125,7
1,1,2026-03-06T20:42:16.147Z,20260306_154216,25,AREA_L_MED,77,2,3,AREA,2,7,L,22,MED,18,30,960,500,5,385,26,519.688,199.695,405.593,139.156,129.161,44,1.977,704,0,0,0,119.32,2.808,1772830162615,1772830163319,510,192.125,26
1,1,2026-03-06T20:42:16.147Z,20260306_154216,25,AREA_L_MED,78,3,3,AREA,2,7,L,22,MED,18,30,960,500,1,386,4,750.508,442.794,480,250,332.181,44,3.096,987,0,0,0,559.446,3.137,1772830163972,1772830164959,778,445.125,4
1,1,2026-03-06T20:42:16.147Z,20260306_154216,25,AREA_L_MED,78,3,3,AREA,2,7,L,22,MED,18,30,960,500,2,387,14,509.928,186.914,750.508,442.794,351.217,44,3.167,813,0,0,0,379.751,3.896,1772830164959,1772830165772,521,185.125,14
1,1,2026-03-06T20:42:16.147Z,20260306_154216,25,AREA_L_MED,78,3,3,AREA,2,7,L,22,MED,18,30,960,500,3,388,8,261.765,343.201,509.928,186.914,293.276,44,2.938,836,0,0,0,360.381,3.515,1772830165772,1772830166608,255,339.125,8
1,1,2026-03-06T20:42:16.147Z,20260306_154216,25,AREA_L_MED,78,3,3,AREA,2,7,L,22,MED,18,30,960,500,4,389,15,39.141,95.873,261.765,343.201,332.765,44,3.098,746,0,0,0,548.161,4.153,1772830166608,1772830167354,51,95.125,15
1,1,2026-03-06T20:42:16.147Z,20260306_154216,25,AREA_L_MED,78,3,3,AREA,2,7,L,22,MED,18,30,960,500,5,390,23,569.904,264.595,39.141,95.873,556.935,44,3.772,810,0,0,0,576.153,4.656,1772830167354,1772830168164,591,270.125,23
1,1,2026-03-06T20:42:16.147Z,20260306_154216,26,AREA_L_LOOSE,79,1,3,AREA,2,8,L,22,LOOSE,28,30,960,500,1,391,18,562.134,43.843,480,250,221.916,44,2.595,850,0,0,0,241.311,3.053,1772830168938,1772830169788,581,56.125,18
1,1,2026-03-06T20:42:16.147Z,20260306_154216,26,AREA_L_LOOSE,79,1,3,AREA,2,8,L,22,LOOSE,28,30,960,500,2,392,7,867.984,106.908,562.134,43.843,312.284,44,3.017,724,0,0,0,368.331,4.168,1772830169788,1772830170512,865,93.125,7
1,1,2026-03-06T20:42:16.147Z,20260306_154216,26,AREA_L_LOOSE,79,1,3,AREA,2,8,L,22,LOOSE,28,30,960,500,3,393,6,789.568,161.267,867.984,106.908,95.415,44,1.664,1290,0,1,1,380.691,1.29,1772830170512,1772830171802,783,162.125,6
1,1,2026-03-06T20:42:16.147Z,20260306_154216,26,AREA_L_LOOSE,79,1,3,AREA,2,8,L,22,LOOSE,28,30,960,500,4,394,16,606.583,148.245,789.568,161.267,183.448,44,2.37,735,0,0,0,298.765,3.224,1772830171802,1772830172537,615,150.125,16
1,1,2026-03-06T20:42:16.147Z,20260306_154216,26,AREA_L_LOOSE,79,1,3,AREA,2,8,L,22,LOOSE,28,30,960,500,5,395,23,863.745,421.321,606.583,148.245,375.105,44,3.252,885,0,0,0,470.532,3.674,1772830172537,1772830173422,861,430.125,23
1,1,2026-03-06T20:42:16.147Z,20260306_154216,26,AREA_L_LOOSE,80,2,3,AREA,2,8,L,22,LOOSE,28,30,960,500,1,396,26,867.877,215.204,480,250,389.435,44,3.3,1074,0,0,0,403.454,3.073,1772830174195,1772830175269,880,216.125,26
1,1,2026-03-06T20:42:16.147Z,20260306_154216,26,AREA_L_LOOSE,80,2,3,AREA,2,8,L,22,LOOSE,28,30,960,500,2,397,13,69.871,396.176,867.877,215.204,818.27,44,4.293,973,0,0,0,864.714,4.412,1772830175269,1772830176242,62,405.125,13
1,1,2026-03-06T20:42:16.147Z,20260306_154216,26,AREA_L_LOOSE,80,2,3,AREA,2,8,L,22,LOOSE,28,30,960,500,3,398,9,735.179,433.316,69.871,396.176,666.344,44,4.013,708,0,0,0,743.84,5.668,1772830176242,1772830176950,753,447.125,9
1,1,2026-03-06T20:42:16.147Z,20260306_154216,26,AREA_L_LOOSE,80,2,3,AREA,2,8,L,22,LOOSE,28,30,960,500,4,399,21,525.367,341.826,735.179,433.316,228.892,44,2.633,683,0,0,0,265.908,3.855,1772830176950,1772830177633,529,351.125,21
1,1,2026-03-06T20:42:16.147Z,20260306_154216,26,AREA_L_LOOSE,80,2,3,AREA,2,8,L,22,LOOSE,28,30,960,500,5,400,9,735.179,433.316,525.367,341.826,228.892,44,2.633,1167,0,0,0,240.834,2.256,1772830177633,1772830178800,734,432.125,9
1,1,2026-03-06T20:42:16.147Z,20260306_154216,26,AREA_L_LOOSE,81,3,3,AREA,2,8,L,22,LOOSE,28,30,960,500,1,401,19,464.654,456.456,480,250,207.026,44,2.512,779,0,0,0,205.494,3.225,1772830179619,1772830180398,447,479.125,19
1,1,2026-03-06T20:42:16.147Z,20260306_154216,26,AREA_L_LOOSE,81,3,3,AREA,2,8,L,22,LOOSE,28,30,960,500,2,402,5,57.32,284.426,464.654,456.456,442.172,44,3.466,855,0,0,0,534.567,4.054,1772830180398,1772830181253,58,292.125,5
1,1,2026-03-06T20:42:16.147Z,20260306_154216,26,AREA_L_LOOSE,81,3,3,AREA,2,8,L,22,LOOSE,28,30,960,500,3,403,15,557.65,357.328,57.32,284.426,505.613,44,3.643,966,0,0,0,628.534,3.771,1772830181254,1772830182220,563,361.125,15
1,1,2026-03-06T20:42:16.147Z,20260306_154216,26,AREA_L_LOOSE,81,3,3,AREA,2,8,L,22,LOOSE,28,30,960,500,4,404,26,792.667,425.246,557.65,357.328,244.634,44,2.714,728,0,0,0,338.222,3.728,1772830182220,1772830182948,789,427.125,26
1,1,2026-03-06T20:42:16.147Z,20260306_154216,26,AREA_L_LOOSE,81,3,3,AREA,2,8,L,22,LOOSE,28,30,960,500,5,405,5,57.32,284.426,792.667,425.246,748.709,44,4.171,908,0,0,0,779.509,4.594,1772830182948,1772830183856,60,275.125,5
