participant_id,timestamp_ms,event_type,study_state,condition_index,block_number,condition_block_index,blocks_per_condition,trial_in_block,global_trial_number,technique,size_level,spacing_level,x,y,captured_target_id,goal_target_id,is_goal_selection,wrong_target_clicks,miss_clicks,path_length_px
2,1772906651535,practice_intro,rest,,,,,0,0,,,,,,,-1,,0,0,0
2,1772906683785,practice_block_start,running,PRACTICE,0,1,3,0,0,POINT,L,MED,,,,-1,,0,0,0
2,1772906683785,trial_start,running,PRACTICE,0,1,3,1,0,POINT,L,MED,,,,13,,0,0,0
2,1772906687070,practice_trial_success,running,PRACTICE,0,1,3,1,0,POINT,L,MED,507,450.625,13,13,1,0,0,313.204
2,1772906687070,trial_start,running,PRACTICE,0,1,3,2,0,POINT,L,MED,,,,19,,0,0,0
2,1772906687843,practice_trial_success,running,PRACTICE,0,1,3,2,0,POINT,L,MED,139,40.625,19,19,1,0,0,599.631
2,1772906687843,trial_start,running,PRACTICE,0,1,3,3,0,POINT,L,MED,,,,25,,0,0,0
2,1772906688434,practice_trial_success,running,PRACTICE,0,1,3,3,0,POINT,L,MED,127,351.625,25,25,1,0,0,678.857
2,1772906688434,trial_start,running,PRACTICE,0,1,3,4,0,POINT,L,MED,,,,19,,0,0,0
2,1772906688983,practice_trial_success,running,PRACTICE,0,1,3,4,0,POINT,L,MED,148,59.625,19,19,1,0,0,366.21
2,1772906688983,trial_start,running,PRACTICE,0,1,3,5,0,POINT,L,MED,,,,6,,0,0,0
2,1772906689410,practice_trial_success,running,PRACTICE,0,1,3,5,0,POINT,L,MED,219,345.625,6,6,1,0,0,331.175
2,1772906689410,practice_block_end,running,PRACTICE,0,1,3,5,0,POINT,L,MED,,,,6,,0,0,331.175
2,1772906689410,intro_screen,rest,PRACTICE,0,1,3,5,0,POINT,L,MED,,,,-1,,0,0,331.175
2,1772906692272,block_start,running,0,1,1,3,0,0,POINT,M,TIGHT,,,,-1,,0,0,331.175
2,1772906692272,trial_start,running,0,1,1,3,1,1,POINT,M,TIGHT,,,,13,,0,0,0
2,1772906693774,trial_success,running,0,1,1,3,1,1,POINT,M,TIGHT,574,29.625,13,13,1,0,0,337.3
2,1772906693774,trial_start,running,0,1,1,3,2,2,POINT,M,TIGHT,,,,4,,0,0,0
2,1772906694456,trial_success,running,0,1,1,3,2,2,POINT,M,TIGHT,847,179.625,4,4,1,0,0,755.753
2,1772906694457,trial_start,running,0,1,1,3,3,3,POINT,M,TIGHT,,,,3,,0,0,0
2,1772906695078,trial_success,running,0,1,1,3,3,3,POINT,M,TIGHT,319,132.625,3,3,1,0,0,563.336
2,1772906695078,trial_start,running,0,1,1,3,4,4,POINT,M,TIGHT,,,,11,,0,0,0
2,1772906695618,trial_success,running,0,1,1,3,4,4,POINT,M,TIGHT,264,282.625,11,11,1,0,0,321.714
2,1772906695619,trial_start,running,0,1,1,3,5,5,POINT,M,TIGHT,,,,1,,0,0,0
2,1772906696141,trial_success,running,0,1,1,3,5,5,POINT,M,TIGHT,636,305.625,1,1,1,0,0,398.137
2,1772906696142,block_end,running,0,1,1,3,5,5,POINT,M,TIGHT,,,,1,,0,0,398.137
2,1772906696142,rest_screen,rest,0,1,1,3,5,5,POINT,M,TIGHT,,,,-1,,0,0,398.137
2,1772906697922,block_start,running,0,2,2,3,0,5,POINT,M,TIGHT,,,,-1,,0,0,398.137
2,1772906697922,trial_start,running,0,2,2,3,1,6,POINT,M,TIGHT,,,,24,,0,0,0
2,1772906698828,trial_success,running,0,2,2,3,1,6,POINT,M,TIGHT,81,352.625,24,24,1,0,0,406.115
2,1772906698829,trial_start,running,0,2,2,3,2,7,POINT,M,TIGHT,,,,10,,0,0,0
2,1772906699386,trial_success,running,0,2,2,3,2,7,POINT,M,TIGHT,379,434.625,10,10,1,0,0,403.61
2,1772906699386,trial_start,running,0,2,2,3,3,8,POINT,M,TIGHT,,,,13,,0,0,0
2,1772906699920,trial_success,running,0,2,2,3,3,8,POINT,M,TIGHT,467,194.625,13,13,1,0,0,272.674
2,1772906699921,trial_start,running,0,2,2,3,4,9,POINT,M,TIGHT,,,,19,,0,0,0
2,1772906700532,trial_success,running,0,2,2,3,4,9,POINT,M,TIGHT,853,423.625,19,19,1,0,0,513.535
2,1772906700532,trial_start,running,0,2,2,3,5,10,POINT,M,TIGHT,,,,15,,0,0,0
2,1772906701148,trial_success,running,0,2,2,3,5,10,POINT,M,TIGHT,865,163.625,15,15,1,0,0,816.937
2,1772906701148,block_end,running,0,2,2,3,5,10,POINT,M,TIGHT,,,,15,,0,0,816.937
2,1772906701148,rest_screen,rest,0,2,2,3,5,10,POINT,M,TIGHT,,,,-1,,0,0,816.937
2,1772906701704,block_start,running,0,3,3,3,0,10,POINT,M,TIGHT,,,,-1,,0,0,816.937
2,1772906701704,trial_start,running,0,3,3,3,1,11,POINT,M,TIGHT,,,,10,,0,0,0
2,1772906702278,trial_success,running,0,3,3,3,1,11,POINT,M,TIGHT,419,279.625,10,10,1,0,0,141.542
2,1772906702278,trial_start,running,0,3,3,3,2,12,POINT,M,TIGHT,,,,6,,0,0,0
2,1772906702912,trial_success,running,0,3,3,3,2,12,POINT,M,TIGHT,161,113.625,6,6,1,0,0,677.881
2,1772906702912,trial_start,running,0,3,3,3,3,13,POINT,M,TIGHT,,,,4,,0,0,0
2,1772906703543,trial_success,running,0,3,3,3,3,13,POINT,M,TIGHT,184,141.625,4,4,1,0,0,734.338
2,1772906703543,trial_start,running,0,3,3,3,4,14,POINT,M,TIGHT,,,,24,,0,0,0
2,1772906704043,trial_success,running,0,3,3,3,4,14,POINT,M,TIGHT,347,191.625,24,24,1,0,0,429.76
2,1772906704043,trial_start,running,0,3,3,3,5,15,POINT,M,TIGHT,,,,21,,0,0,0
2,1772906704613,trial_error_click,running,0,3,3,3,5,15,POINT,M,TIGHT,354,381.625,-1,21,0,0,1,401.62
2,1772906704938,trial_success,running,0,3,3,3,5,15,POINT,M,TIGHT,361,396.625,21,21,1,0,1,439.341
2,1772906704938,block_end,running,0,3,3,3,5,15,POINT,M,TIGHT,,,,21,,0,1,439.341
2,1772906704939,rest_screen,rest,0,3,3,3,5,15,POINT,M,TIGHT,,,,-1,,0,1,439.341
2,1772906705357,block_start,running,1,4,1,3,0,15,POINT,S,TIGHT,,,,-1,,0,1,439.341
2,1772906705357,trial_start,running,1,4,1,3,1,16,POINT,S,TIGHT,,,,1,,0,0,0
2,1772906706220,trial_success,running,1,4,1,3,1,16,POINT,S,TIGHT,236,31.625,1,1,1,0,0,420.021
2,1772906706220,trial_start,running,1,4,1,3,2,17,POINT,S,TIGHT,,,,3,,0,0,0
2,1772906706953,trial_success,running,1,4,1,3,2,17,POINT,S,TIGHT,118,65.625,3,3,1,0,0,820.042
2,1772906706953,trial_start,running,1,4,1,3,3,18,POINT,S,TIGHT,,,,11,,0,0,0
2,1772906707744,trial_success,running,1,4,1,3,3,18,POINT,S,TIGHT,190,351.625,11,11,1,0,0,584.896
2,1772906707744,trial_start,running,1,4,1,3,4,19,POINT,S,TIGHT,,,,23,,0,0,0
2,1772906708474,trial_success,running,1,4,1,3,4,19,POINT,S,TIGHT,748,318.625,23,23,1,0,0,579.577
2,1772906708474,trial_start,running,1,4,1,3,5,20,POINT,S,TIGHT,,,,24,,0,0,0
2,1772906709170,trial_success,running,1,4,1,3,5,20,POINT,S,TIGHT,287,285.625,24,24,1,0,0,473.247
2,1772906709170,block_end,running,1,4,1,3,5,20,POINT,S,TIGHT,,,,24,,0,0,473.247
2,1772906709170,rest_screen,rest,1,4,1,3,5,20,POINT,S,TIGHT,,,,-1,,0,0,473.247
2,1772906709685,block_start,running,1,5,2,3,0,20,POINT,S,TIGHT,,,,-1,,0,0,473.247
2,1772906709686,trial_start,running,1,5,2,3,1,21,POINT,S,TIGHT,,,,10,,0,0,0
2,1772906710325,trial_success,running,1,5,2,3,1,21,POINT,S,TIGHT,395,192.625,10,10,1,0,0,195.853
2,1772906710325,trial_start,running,1,5,2,3,2,22,POINT,S,TIGHT,,,,6,,0,0,0
2,1772906710979,trial_error_click,running,1,5,2,3,2,22,POINT,S,TIGHT,497,336.625,-1,6,0,0,1,221.764
2,1772906711260,trial_success,running,1,5,2,3,2,22,POINT,S,TIGHT,504,332.625,6,6,1,0,1,231.592
2,1772906711260,trial_start,running,1,5,2,3,3,23,POINT,S,TIGHT,,,,24,,0,0,0
2,1772906711991,trial_success,running,1,5,2,3,3,23,POINT,S,TIGHT,342,153.625,24,24,1,0,0,258.089
2,1772906711991,trial_start,running,1,5,2,3,4,24,POINT,S,TIGHT,,,,25,,0,0,0
2,1772906713074,trial_success,running,1,5,2,3,4,24,POINT,S,TIGHT,826,142.625,25,25,1,0,0,828.563
2,1772906713074,trial_start,running,1,5,2,3,5,25,POINT,S,TIGHT,,,,11,,0,0,0
2,1772906713819,trial_success,running,1,5,2,3,5,25,POINT,S,TIGHT,388,377.625,11,11,1,0,0,620.984
2,1772906713819,block_end,running,1,5,2,3,5,25,POINT,S,TIGHT,,,,11,,0,0,620.984
2,1772906713819,rest_screen,rest,1,5,2,3,5,25,POINT,S,TIGHT,,,,-1,,0,0,620.984
2,1772906714212,block_start,running,1,6,3,3,0,25,POINT,S,TIGHT,,,,-1,,0,0,620.984
2,1772906714212,trial_start,running,1,6,3,3,1,26,POINT,S,TIGHT,,,,6,,0,0,0
2,1772906714959,trial_success,running,1,6,3,3,1,26,POINT,S,TIGHT,391,453.625,6,6,1,0,0,288.012
2,1772906714959,trial_start,running,1,6,3,3,2,27,POINT,S,TIGHT,,,,10,,0,0,0
2,1772906716191,trial_success,running,1,6,3,3,2,27,POINT,S,TIGHT,835,469.625,10,10,1,0,0,1726.868
2,1772906716191,trial_start,running,1,6,3,3,3,28,POINT,S,TIGHT,,,,2,,0,0,0
2,1772906716876,trial_success,running,1,6,3,3,3,28,POINT,S,TIGHT,300,195.625,2,2,1,0,0,667.794
2,1772906716876,trial_start,running,1,6,3,3,4,29,POINT,S,TIGHT,,,,9,,0,0,0
2,1772906717520,trial_success,running,1,6,3,3,4,29,POINT,S,TIGHT,31,97.625,9,9,1,0,0,344.307
2,1772906717520,trial_start,running,1,6,3,3,5,30,POINT,S,TIGHT,,,,15,,0,0,0
2,1772906718344,trial_success,running,1,6,3,3,5,30,POINT,S,TIGHT,480,113.625,15,15,1,0,0,534.722
2,1772906718344,block_end,running,1,6,3,3,5,30,POINT,S,TIGHT,,,,15,,0,0,534.722
2,1772906718344,rest_screen,rest,1,6,3,3,5,30,POINT,S,TIGHT,,,,-1,,0,0,534.722
2,1772906718773,block_start,running,2,7,1,3,0,30,POINT,L,MED,,,,-1,,0,0,534.722
2,1772906718773,trial_start,running,2,7,1,3,1,31,POINT,L,MED,,,,15,,0,0,0
2,1772906719510,trial_success,running,2,7,1,3,1,31,POINT,L,MED,618,35.625,15,15,1,0,0,339.125
2,1772906719510,trial_start,running,2,7,1,3,2,32,POINT,L,MED,,,,28,,0,0,0
2,1772906720106,trial_success,running,2,7,1,3,2,32,POINT,L,MED,604,147.625,28,28,1,0,0,406.422
2,1772906720106,trial_start,running,2,7,1,3,3,33,POINT,L,MED,,,,7,,0,0,0
2,1772906720630,trial_success,running,2,7,1,3,3,33,POINT,L,MED,754,112.625,7,7,1,0,0,290.465
2,1772906720630,trial_start,running,2,7,1,3,4,34,POINT,L,MED,,,,10,,0,0,0
2,1772906721306,trial_success,running,2,7,1,3,4,34,POINT,L,MED,91,111.625,10,10,1,0,0,814.748
2,1772906721306,trial_start,running,2,7,1,3,5,35,POINT,L,MED,,,,12,,0,0,0
2,1772906721812,trial_success,running,2,7,1,3,5,35,POINT,L,MED,282,295.625,12,12,1,0,0,286.955
2,1772906721812,block_end,running,2,7,1,3,5,35,POINT,L,MED,,,,12,,0,0,286.955
2,1772906721812,rest_screen,rest,2,7,1,3,5,35,POINT,L,MED,,,,-1,,0,0,286.955
2,1772906722258,block_start,running,2,8,2,3,0,35,POINT,L,MED,,,,-1,,0,0,286.955
2,1772906722258,trial_start,running,2,8,2,3,1,36,POINT,L,MED,,,,0,,0,0,0
2,1772906722875,trial_success,running,2,8,2,3,1,36,POINT,L,MED,689,124.625,0,0,1,0,0,297.201
2,1772906722875,trial_start,running,2,8,2,3,2,37,POINT,L,MED,,,,15,,0,0,0
2,1772906723349,trial_success,running,2,8,2,3,2,37,POINT,L,MED,573,244.625,15,15,1,0,0,239.678
2,1772906723349,trial_start,running,2,8,2,3,3,38,POINT,L,MED,,,,1,,0,0,0
2,1772906723958,trial_success,running,2,8,2,3,3,38,POINT,L,MED,763,429.625,1,1,1,0,0,295.613
2,1772906723958,trial_start,running,2,8,2,3,4,39,POINT,L,MED,,,,10,,0,0,0
2,1772906724473,trial_success,running,2,8,2,3,4,39,POINT,L,MED,576,354.625,10,10,1,0,0,248.023
2,1772906724473,trial_start,running,2,8,2,3,5,40,POINT,L,MED,,,,27,,0,0,0
2,1772906724991,trial_success,running,2,8,2,3,5,40,POINT,L,MED,736,250.625,27,27,1,0,0,207.99
2,1772906724991,block_end,running,2,8,2,3,5,40,POINT,L,MED,,,,27,,0,0,207.99
2,1772906724991,rest_screen,rest,2,8,2,3,5,40,POINT,L,MED,,,,-1,,0,0,207.99
2,1772906725417,block_start,running,2,9,3,3,0,40,POINT,L,MED,,,,-1,,0,0,207.99
2,1772906725417,trial_start,running,2,9,3,3,1,41,POINT,L,MED,,,,5,,0,0,0
2,1772906726043,trial_success,running,2,9,3,3,1,41,POINT,L,MED,631,269.625,5,5,1,0,0,243.365
2,1772906726043,trial_start,running,2,9,3,3,2,42,POINT,L,MED,,,,26,,0,0,0
2,1772906726721,trial_success,running,2,9,3,3,2,42,POINT,L,MED,111,406.625,26,26,1,0,0,551.604
2,1772906726721,trial_start,running,2,9,3,3,3,43,POINT,L,MED,,,,23,,0,0,0
2,1772906727199,trial_success,running,2,9,3,3,3,43,POINT,L,MED,285,443.625,23,23,1,0,0,215.429
2,1772906727199,trial_start,running,2,9,3,3,4,44,POINT,L,MED,,,,14,,0,0,0
2,1772906727751,trial_success,running,2,9,3,3,4,44,POINT,L,MED,538,218.625,14,14,1,0,0,344.95
2,1772906727751,trial_start,running,2,9,3,3,5,45,POINT,L,MED,,,,22,,0,0,0
2,1772906728211,trial_success,running,2,9,3,3,5,45,POINT,L,MED,482,136.625,22,22,1,0,0,125.129
2,1772906728211,block_end,running,2,9,3,3,5,45,POINT,L,MED,,,,22,,0,0,125.129
2,1772906728211,rest_screen,rest,2,9,3,3,5,45,POINT,L,MED,,,,-1,,0,0,125.129
2,1772906728608,block_start,running,3,10,1,3,0,45,POINT,M,MED,,,,-1,,0,0,125.129
2,1772906728608,trial_start,running,3,10,1,3,1,46,POINT,M,MED,,,,17,,0,0,0
2,1772906729450,trial_success,running,3,10,1,3,1,46,POINT,M,MED,823,321.625,17,17,1,0,0,549.011
2,1772906729450,trial_start,running,3,10,1,3,2,47,POINT,M,MED,,,,14,,0,0,0
2,1772906730093,trial_success,running,3,10,1,3,2,47,POINT,M,MED,630,354.625,14,14,1,0,0,328.998
2,1772906730093,trial_start,running,3,10,1,3,3,48,POINT,M,MED,,,,13,,0,0,0
2,1772906730935,trial_success,running,3,10,1,3,3,48,POINT,M,MED,891,445.625,13,13,1,0,0,623.369
2,1772906730935,trial_start,running,3,10,1,3,4,49,POINT,M,MED,,,,12,,0,0,0
2,1772906731851,trial_success,running,3,10,1,3,4,49,POINT,M,MED,694,140.625,12,12,1,0,0,471.961
2,1772906731851,trial_start,running,3,10,1,3,5,50,POINT,M,MED,,,,28,,0,0,0
2,1772906732522,trial_success,running,3,10,1,3,5,50,POINT,M,MED,377,41.625,28,28,1,0,0,443.778
2,1772906732522,block_end,running,3,10,1,3,5,50,POINT,M,MED,,,,28,,0,0,443.778
2,1772906732522,rest_screen,rest,3,10,1,3,5,50,POINT,M,MED,,,,-1,,0,0,443.778
2,1772906732945,block_start,running,3,11,2,3,0,50,POINT,M,MED,,,,-1,,0,0,443.778
2,1772906732945,trial_start,running,3,11,2,3,1,51,POINT,M,MED,,,,7,,0,0,0
2,1772906733779,trial_success,running,3,11,2,3,1,51,POINT,M,MED,619,185.625,7,7,1,0,0,332.457
2,1772906733779,trial_start,running,3,11,2,3,2,52,POINT,M,MED,,,,29,,0,0,0
2,1772906734320,trial_success,running,3,11,2,3,2,52,POINT,M,MED,397,252.625,29,29,1,0,0,313.738
2,1772906734320,trial_start,running,3,11,2,3,3,53,POINT,M,MED,,,,26,,0,0,0
2,1772906735027,trial_success,running,3,11,2,3,3,53,POINT,M,MED,755,196.625,26,26,1,0,0,454.626
2,1772906735027,trial_start,running,3,11,2,3,4,54,POINT,M,MED,,,,4,,0,0,0
2,1772906735694,trial_success,running,3,11,2,3,4,54,POINT,M,MED,316,74.625,4,4,1,0,0,517.388
2,1772906735694,trial_start,running,3,11,2,3,5,55,POINT,M,MED,,,,6,,0,0,0
2,1772906736513,trial_success,running,3,11,2,3,5,55,POINT,M,MED,930,405.625,6,6,1,0,0,749.592
2,1772906736513,block_end,running,3,11,2,3,5,55,POINT,M,MED,,,,6,,0,0,749.592
2,1772906736513,rest_screen,rest,3,11,2,3,5,55,POINT,M,MED,,,,-1,,0,0,749.592
2,1772906736994,block_start,running,3,12,3,3,0,55,POINT,M,MED,,,,-1,,0,0,749.592
2,1772906736994,trial_start,running,3,12,3,3,1,56,POINT,M,MED,,,,19,,0,0,0
2,1772906737930,trial_success,running,3,12,3,3,1,56,POINT,M,MED,227,265.625,19,19,1,0,0,259.996
2,1772906737930,trial_start,running,3,12,3,3,2,57,POINT,M,MED,,,,0,,0,0,0
2,1772906738483,trial_success,running,3,12,3,3,2,57,POINT,M,MED,494,338.625,0,0,1,0,0,423.743
2,1772906738483,trial_start,running,3,12,3,3,3,58,POINT,M,MED,,,,3,,0,0,0
2,1772906739253,trial_success,running,3,12,3,3,3,58,POINT,M,MED,25,198.625,3,3,1,0,0,570.677
2,1772906739253,trial_start,running,3,12,3,3,4,59,POINT,M,MED,,,,28,,0,0,0
2,1772906740030,trial_success,running,3,12,3,3,4,59,POINT,M,MED,370,100.625,28,28,1,0,0,587.167
2,1772906740031,trial_start,running,3,12,3,3,5,60,POINT,M,MED,,,,6,,0,0,0
2,1772906740537,trial_success,running,3,12,3,3,5,60,POINT,M,MED,517,131.625,6,6,1,0,0,407.036
2,1772906740537,block_end,running,3,12,3,3,5,60,POINT,M,MED,,,,6,,0,0,407.036
2,1772906740537,rest_screen,rest,3,12,3,3,5,60,POINT,M,MED,,,,-1,,0,0,407.036
2,1772906740915,block_start,running,4,13,1,3,0,60,POINT,M,LOOSE,,,,-1,,0,0,407.036
2,1772906740915,trial_start,running,4,13,1,3,1,61,POINT,M,LOOSE,,,,21,,0,0,0
2,1772906741617,trial_success,running,4,13,1,3,1,61,POINT,M,LOOSE,151,141.625,21,21,1,0,0,437.115
2,1772906741617,trial_start,running,4,13,1,3,2,62,POINT,M,LOOSE,,,,27,,0,0,0
2,1772906742216,trial_success,running,4,13,1,3,2,62,POINT,M,LOOSE,199,324.625,27,27,1,0,0,540.604
2,1772906742216,trial_start,running,4,13,1,3,3,63,POINT,M,LOOSE,,,,11,,0,0,0
2,1772906742877,trial_success,running,4,13,1,3,3,63,POINT,M,LOOSE,291,391.625,11,11,1,0,0,472.161
2,1772906742878,trial_start,running,4,13,1,3,4,64,POINT,M,LOOSE,,,,20,,0,0,0
2,1772906743612,trial_success,running,4,13,1,3,4,64,POINT,M,LOOSE,346,54.625,20,20,1,0,0,523.469
2,1772906743613,trial_start,running,4,13,1,3,5,65,POINT,M,LOOSE,,,,10,,0,0,0
2,1772906744276,trial_success,running,4,13,1,3,5,65,POINT,M,LOOSE,520,341.625,10,10,1,0,0,353.458
2,1772906744276,block_end,running,4,13,1,3,5,65,POINT,M,LOOSE,,,,10,,0,0,353.458
2,1772906744277,rest_screen,rest,4,13,1,3,5,65,POINT,M,LOOSE,,,,-1,,0,0,353.458
2,1772906744683,block_start,running,4,14,2,3,0,65,POINT,M,LOOSE,,,,-1,,0,0,353.458
2,1772906744683,trial_start,running,4,14,2,3,1,66,POINT,M,LOOSE,,,,22,,0,0,0
2,1772906745416,trial_success,running,4,14,2,3,1,66,POINT,M,LOOSE,775,100.625,22,22,1,0,0,302.42
2,1772906745417,trial_start,running,4,14,2,3,2,67,POINT,M,LOOSE,,,,12,,0,0,0
2,1772906746187,trial_success,running,4,14,2,3,2,67,POINT,M,LOOSE,318,456.625,12,12,1,0,0,593.727
2,1772906746188,trial_start,running,4,14,2,3,3,68,POINT,M,LOOSE,,,,8,,0,0,0
2,1772906746962,trial_success,running,4,14,2,3,3,68,POINT,M,LOOSE,870,143.625,8,8,1,0,0,833.877
2,1772906746963,trial_start,running,4,14,2,3,4,69,POINT,M,LOOSE,,,,18,,0,0,0
2,1772906747767,trial_success,running,4,14,2,3,4,69,POINT,M,LOOSE,919,350.625,18,18,1,0,0,891.822
2,1772906747767,trial_start,running,4,14,2,3,5,70,POINT,M,LOOSE,,,,9,,0,0,0
2,1772906748498,trial_success,running,4,14,2,3,5,70,POINT,M,LOOSE,378,411.625,9,9,1,0,0,665.661
2,1772906748498,block_end,running,4,14,2,3,5,70,POINT,M,LOOSE,,,,9,,0,0,665.661
2,1772906748499,rest_screen,rest,4,14,2,3,5,70,POINT,M,LOOSE,,,,-1,,0,0,665.661
2,1772906748903,block_start,running,4,15,3,3,0,70,POINT,M,LOOSE,,,,-1,,0,0,665.661
2,1772906748903,trial_start,running,4,15,3,3,1,71,POINT,M,LOOSE,,,,4,,0,0,0
2,1772906749669,trial_success,running,4,15,3,3,1,71,POINT,M,LOOSE,724,396.625,4,4,1,0,0,366.9
2,1772906749670,trial_start,running,4,15,3,3,2,72,POINT,M,LOOSE,,,,15,,0,0,0
2,1772906750335,trial_success,running,4,15,3,3,2,72,POINT,M,LOOSE,223,172.625,15,15,1,0,0,559.122
2,1772906750336,trial_start,running,4,15,3,3,3,73,POINT,M,LOOSE,,,,20,,0,0,0
2,1772906750921,trial_success,running,4,15,3,3,3,73,POINT,M,LOOSE,602,91.625,20,20,1,0,0,541.49
2,1772906750921,trial_start,running,4,15,3,3,4,74,POINT,M,LOOSE,,,,9,,0,0,0
2,1772906751585,trial_error_click,running,4,15,3,3,4,74,POINT,M,LOOSE,616,354.625,-1,9,0,0,1,277.4
2,1772906751857,trial_success,running,4,15,3,3,4,74,POINT,M,LOOSE,622,346.625,9,9,1,0,1,290.814
2,1772906751857,trial_start,running,4,15,3,3,5,75,POINT,M,LOOSE,,,,13,,0,0,0
2,1772906752509,trial_success,running,4,15,3,3,5,75,POINT,M,LOOSE,455,320.625,13,13,1,0,0,227.382
2,1772906752510,block_end,running,4,15,3,3,5,75,POINT,M,LOOSE,,,,13,,0,0,227.382
2,1772906752510,rest_screen,rest,4,15,3,3,5,75,POINT,M,LOOSE,,,,-1,,0,0,227.382
2,1772906752899,block_start,running,5,16,1,3,0,75,POINT,L,LOOSE,,,,-1,,0,0,227.382
2,1772906752900,trial_start,running,5,16,1,3,1,76,POINT,L,LOOSE,,,,12,,0,0,0
2,1772906753483,trial_success,running,5,16,1,3,1,76,POINT,L,LOOSE,686,304.625,12,12,1,0,0,243.081
2,1772906753483,trial_start,running,5,16,1,3,2,77,POINT,L,LOOSE,,,,21,,0,0,0
2,1772906754147,trial_success,running,5,16,1,3,2,77,POINT,L,LOOSE,112,275.625,21,21,1,0,0,576.817
2,1772906754147,trial_start,running,5,16,1,3,3,78,POINT,L,LOOSE,,,,6,,0,0,0
2,1772906754824,trial_success,running,5,16,1,3,3,78,POINT,L,LOOSE,813,325.625,6,6,1,0,0,744.056
2,1772906754824,trial_start,running,5,16,1,3,4,79,POINT,L,LOOSE,,,,8,,0,0,0
2,1772906755526,trial_success,running,5,16,1,3,4,79,POINT,L,LOOSE,227,76.625,8,8,1,0,0,670.649
2,1772906755526,trial_start,running,5,16,1,3,5,80,POINT,L,LOOSE,,,,2,,0,0,0
2,1772906756060,trial_success,running,5,16,1,3,5,80,POINT,L,LOOSE,357,211.625,2,2,1,0,0,536.408
2,1772906756060,block_end,running,5,16,1,3,5,80,POINT,L,LOOSE,,,,2,,0,0,536.408
2,1772906756061,rest_screen,rest,5,16,1,3,5,80,POINT,L,LOOSE,,,,-1,,0,0,536.408
2,1772906756445,block_start,running,5,17,2,3,0,80,POINT,L,LOOSE,,,,-1,,0,0,536.408
2,1772906756445,trial_start,running,5,17,2,3,1,81,POINT,L,LOOSE,,,,17,,0,0,0
2,1772906757282,trial_success,running,5,17,2,3,1,81,POINT,L,LOOSE,849,419.625,17,17,1,0,0,516.589
2,1772906757283,trial_start,running,5,17,2,3,2,82,POINT,L,LOOSE,,,,15,,0,0,0
2,1772906757976,trial_error_click,running,5,17,2,3,2,82,POINT,L,LOOSE,705,242.625,-1,15,0,0,1,993.679
2,1772906758195,trial_success,running,5,17,2,3,2,82,POINT,L,LOOSE,715,246.625,15,15,1,0,1,1007.093
2,1772906758195,trial_start,running,5,17,2,3,3,83,POINT,L,LOOSE,,,,6,,0,0,0
2,1772906758859,trial_success,running,5,17,2,3,3,83,POINT,L,LOOSE,747,181.625,6,6,1,0,0,615.646
2,1772906758859,trial_start,running,5,17,2,3,4,84,POINT,L,LOOSE,,,,5,,0,0,0
2,1772906759414,trial_success,running,5,17,2,3,4,84,POINT,L,LOOSE,693,180.625,5,5,1,0,0,379.867
2,1772906759414,trial_start,running,5,17,2,3,5,85,POINT,L,LOOSE,,,,22,,0,0,0
2,1772906760155,trial_success,running,5,17,2,3,5,85,POINT,L,LOOSE,133,460.625,22,22,1,0,0,661.382
2,1772906760155,block_end,running,5,17,2,3,5,85,POINT,L,LOOSE,,,,22,,0,0,661.382
2,1772906760155,rest_screen,rest,5,17,2,3,5,85,POINT,L,LOOSE,,,,-1,,0,0,661.382
2,1772906760537,block_start,running,5,18,3,3,0,85,POINT,L,LOOSE,,,,-1,,0,0,661.382
2,1772906760538,trial_start,running,5,18,3,3,1,86,POINT,L,LOOSE,,,,29,,0,0,0
2,1772906761164,trial_success,running,5,18,3,3,1,86,POINT,L,LOOSE,749,168.625,29,29,1,0,0,434.13
2,1772906761164,trial_start,running,5,18,3,3,2,87,POINT,L,LOOSE,,,,0,,0,0,0
2,1772906761722,trial_success,running,5,18,3,3,2,87,POINT,L,LOOSE,592,421.625,0,0,1,0,0,437.609
2,1772906761722,trial_start,running,5,18,3,3,3,88,POINT,L,LOOSE,,,,10,,0,0,0
2,1772906762310,trial_success,running,5,18,3,3,3,88,POINT,L,LOOSE,238,122.625,10,10,1,0,0,490.361
2,1772906762310,trial_start,running,5,18,3,3,4,89,POINT,L,LOOSE,,,,7,,0,0,0
2,1772906763015,trial_error_click,running,5,18,3,3,4,89,POINT,L,LOOSE,391,70.625,-1,7,0,0,1,409.565
2,1772906763196,trial_success,running,5,18,3,3,4,89,POINT,L,LOOSE,417,57.625,7,7,1,0,1,440.823
2,1772906763196,trial_start,running,5,18,3,3,5,90,POINT,L,LOOSE,,,,5,,0,0,0
2,1772906763878,trial_success,running,5,18,3,3,5,90,POINT,L,LOOSE,167,421.625,5,5,1,0,0,507.121
2,1772906763878,block_end,running,5,18,3,3,5,90,POINT,L,LOOSE,,,,5,,0,0,507.121
2,1772906763878,rest_screen,rest,5,18,3,3,5,90,POINT,L,LOOSE,,,,-1,,0,0,507.121
2,1772906764241,block_start,running,6,19,1,3,0,90,POINT,S,LOOSE,,,,-1,,0,0,507.121
2,1772906764241,trial_start,running,6,19,1,3,1,91,POINT,S,LOOSE,,,,21,,0,0,0
2,1772906765015,trial_success,running,6,19,1,3,1,91,POINT,S,LOOSE,718,265.625,21,21,1,0,0,251.691
2,1772906765015,trial_start,running,6,19,1,3,2,92,POINT,S,LOOSE,,,,27,,0,0,0
2,1772906765932,trial_error_click,running,6,19,1,3,2,92,POINT,S,LOOSE,262,48.625,-1,27,0,0,1,604.024
2,1772906766193,trial_success,running,6,19,1,3,2,92,POINT,S,LOOSE,271,53.625,27,27,1,0,1,615.681
2,1772906766193,trial_start,running,6,19,1,3,3,93,POINT,S,LOOSE,,,,11,,0,0,0
2,1772906766881,trial_success,running,6,19,1,3,3,93,POINT,S,LOOSE,272,222.625,11,11,1,0,0,493.738
2,1772906766881,trial_start,running,6,19,1,3,4,94,POINT,S,LOOSE,,,,17,,0,0,0
2,1772906767534,trial_success,running,6,19,1,3,4,94,POINT,S,LOOSE,132,381.625,17,17,1,0,0,508.999
2,1772906767534,trial_start,running,6,19,1,3,5,95,POINT,S,LOOSE,,,,20,,0,0,0
2,1772906768255,trial_success,running,6,19,1,3,5,95,POINT,S,LOOSE,461,57.625,20,20,1,0,0,605.618
2,1772906768255,block_end,running,6,19,1,3,5,95,POINT,S,LOOSE,,,,20,,0,0,605.618
2,1772906768255,rest_screen,rest,6,19,1,3,5,95,POINT,S,LOOSE,,,,-1,,0,0,605.618
2,1772906768678,block_start,running,6,20,2,3,0,95,POINT,S,LOOSE,,,,-1,,0,0,605.618
2,1772906768678,trial_start,running,6,20,2,3,1,96,POINT,S,LOOSE,,,,19,,0,0,0
2,1772906769610,trial_success,running,6,20,2,3,1,96,POINT,S,LOOSE,577,15.625,19,19,1,0,0,404.579
2,1772906769610,trial_start,running,6,20,2,3,2,97,POINT,S,LOOSE,,,,4,,0,0,0
2,1772906770350,trial_success,running,6,20,2,3,2,97,POINT,S,LOOSE,107,287.625,4,4,1,0,0,683.092
2,1772906770350,trial_start,running,6,20,2,3,3,98,POINT,S,LOOSE,,,,29,,0,0,0
2,1772906771315,trial_success,running,6,20,2,3,3,98,POINT,S,LOOSE,793,67.625,29,29,1,0,0,781.331
2,1772906771315,trial_start,running,6,20,2,3,4,99,POINT,S,LOOSE,,,,14,,0,0,0
2,1772906772040,trial_success,running,6,20,2,3,4,99,POINT,S,LOOSE,211,294.625,14,14,1,0,0,650.055
2,1772906772040,trial_start,running,6,20,2,3,5,100,POINT,S,LOOSE,,,,26,,0,0,0
2,1772906772669,trial_success,running,6,20,2,3,5,100,POINT,S,LOOSE,615,246.625,26,26,1,0,0,466.63
2,1772906772669,block_end,running,6,20,2,3,5,100,POINT,S,LOOSE,,,,26,,0,0,466.63
2,1772906772669,rest_screen,rest,6,20,2,3,5,100,POINT,S,LOOSE,,,,-1,,0,0,466.63
2,1772906773171,block_start,running,6,21,3,3,0,100,POINT,S,LOOSE,,,,-1,,0,0,466.63
2,1772906773171,trial_start,running,6,21,3,3,1,101,POINT,S,LOOSE,,,,6,,0,0,0
2,1772906773924,trial_success,running,6,21,3,3,1,101,POINT,S,LOOSE,182,49.625,6,6,1,0,0,442.268
2,1772906773924,trial_start,running,6,21,3,3,2,102,POINT,S,LOOSE,,,,11,,0,0,0
2,1772906774659,trial_success,running,6,21,3,3,2,102,POINT,S,LOOSE,609,370.625,11,11,1,0,0,638.397
2,1772906774659,trial_start,running,6,21,3,3,3,103,POINT,S,LOOSE,,,,20,,0,0,0
2,1772906775336,trial_success,running,6,21,3,3,3,103,POINT,S,LOOSE,606,74.625,20,20,1,0,0,376.786
2,1772906775336,trial_start,running,6,21,3,3,4,104,POINT,S,LOOSE,,,,17,,0,0,0
2,1772906776009,trial_success,running,6,21,3,3,4,104,POINT,S,LOOSE,729,337.625,17,17,1,0,0,459.451
2,1772906776009,trial_start,running,6,21,3,3,5,105,POINT,S,LOOSE,,,,22,,0,0,0
2,1772906776589,trial_success,running,6,21,3,3,5,105,POINT,S,LOOSE,698,407.625,22,22,1,0,0,89.792
2,1772906776589,block_end,running,6,21,3,3,5,105,POINT,S,LOOSE,,,,22,,0,0,89.792
2,1772906776589,rest_screen,rest,6,21,3,3,5,105,POINT,S,LOOSE,,,,-1,,0,0,89.792
2,1772906776987,block_start,running,7,22,1,3,0,105,POINT,L,TIGHT,,,,-1,,0,0,89.792
2,1772906776987,trial_start,running,7,22,1,3,1,106,POINT,L,TIGHT,,,,13,,0,0,0
2,1772906777643,trial_success,running,7,22,1,3,1,106,POINT,L,TIGHT,812,278.625,13,13,1,0,0,468.309
2,1772906777643,trial_start,running,7,22,1,3,2,107,POINT,L,TIGHT,,,,24,,0,0,0
2,1772906778353,trial_success,running,7,22,1,3,2,107,POINT,L,TIGHT,914,176.625,24,24,1,0,0,590.264
2,1772906778353,trial_start,running,7,22,1,3,3,108,POINT,L,TIGHT,,,,4,,0,0,0
2,1772906779060,trial_success,running,7,22,1,3,3,108,POINT,L,TIGHT,648,135.625,4,4,1,0,0,769.482
2,1772906779060,trial_start,running,7,22,1,3,4,109,POINT,L,TIGHT,,,,28,,0,0,0
2,1772906779627,trial_success,running,7,22,1,3,4,109,POINT,L,TIGHT,667,389.625,28,28,1,0,0,434.441
2,1772906779627,trial_start,running,7,22,1,3,5,110,POINT,L,TIGHT,,,,15,,0,0,0
2,1772906780293,trial_success,running,7,22,1,3,5,110,POINT,L,TIGHT,175,296.625,15,15,1,0,0,516.956
2,1772906780293,block_end,running,7,22,1,3,5,110,POINT,L,TIGHT,,,,15,,0,0,516.956
2,1772906780293,rest_screen,rest,7,22,1,3,5,110,POINT,L,TIGHT,,,,-1,,0,0,516.956
2,1772906780834,block_start,running,7,23,2,3,0,110,POINT,L,TIGHT,,,,-1,,0,0,516.956
2,1772906780834,trial_start,running,7,23,2,3,1,111,POINT,L,TIGHT,,,,0,,0,0,0
2,1772906781579,trial_success,running,7,23,2,3,1,111,POINT,L,TIGHT,825,129.625,0,0,1,0,0,441.105
2,1772906781579,trial_start,running,7,23,2,3,2,112,POINT,L,TIGHT,,,,7,,0,0,0
2,1772906782118,trial_success,running,7,23,2,3,2,112,POINT,L,TIGHT,909,85.625,7,7,1,0,0,189.861
2,1772906782118,trial_start,running,7,23,2,3,3,113,POINT,L,TIGHT,,,,13,,0,0,0
2,1772906782675,trial_success,running,7,23,2,3,3,113,POINT,L,TIGHT,886,290.625,13,13,1,0,0,269.552
2,1772906782675,trial_start,running,7,23,2,3,4,114,POINT,L,TIGHT,,,,23,,0,0,0
2,1772906783288,trial_success,running,7,23,2,3,4,114,POINT,L,TIGHT,303,272.625,23,23,1,0,0,594.892
2,1772906783288,trial_start,running,7,23,2,3,5,115,POINT,L,TIGHT,,,,13,,0,0,0
2,1772906783946,trial_success,running,7,23,2,3,5,115,POINT,L,TIGHT,885,292.625,13,13,1,0,0,606.965
2,1772906783946,block_end,running,7,23,2,3,5,115,POINT,L,TIGHT,,,,13,,0,0,606.965
2,1772906783946,rest_screen,rest,7,23,2,3,5,115,POINT,L,TIGHT,,,,-1,,0,0,606.965
2,1772906784479,block_start,running,7,24,3,3,0,115,POINT,L,TIGHT,,,,-1,,0,0,606.965
2,1772906784479,trial_start,running,7,24,3,3,1,116,POINT,L,TIGHT,,,,16,,0,0,0
2,1772906785191,trial_success,running,7,24,3,3,1,116,POINT,L,TIGHT,562,409.625,16,16,1,0,0,198.601
2,1772906785191,trial_start,running,7,24,3,3,2,117,POINT,L,TIGHT,,,,12,,0,0,0
2,1772906785754,trial_success,running,7,24,3,3,2,117,POINT,L,TIGHT,571,173.625,12,12,1,0,0,290.065
2,1772906785754,trial_start,running,7,24,3,3,3,118,POINT,L,TIGHT,,,,0,,0,0,0
2,1772906786404,trial_success,running,7,24,3,3,3,118,POINT,L,TIGHT,434,426.625,0,0,1,0,0,305.861
2,1772906786404,trial_start,running,7,24,3,3,4,119,POINT,L,TIGHT,,,,14,,0,0,0
2,1772906787014,trial_error_click,running,7,24,3,3,4,119,POINT,L,TIGHT,919,190.625,-1,14,0,0,1,638.592
2,1772906787251,trial_success,running,7,24,3,3,4,119,POINT,L,TIGHT,888,231.625,14,14,1,0,1,691.044
2,1772906787251,trial_start,running,7,24,3,3,5,120,POINT,L,TIGHT,,,,24,,0,0,0
2,1772906787866,trial_success,running,7,24,3,3,5,120,POINT,L,TIGHT,673,238.625,24,24,1,0,0,468.521
2,1772906787866,block_end,running,7,24,3,3,5,120,POINT,L,TIGHT,,,,24,,0,0,468.521
2,1772906787866,rest_screen,rest,7,24,3,3,5,120,POINT,L,TIGHT,,,,-1,,0,0,468.521
2,1772906788365,block_start,running,8,25,1,3,0,120,POINT,S,MED,,,,-1,,0,0,468.521
2,1772906788365,trial_start,running,8,25,1,3,1,121,POINT,S,MED,,,,11,,0,0,0
2,1772906789158,trial_success,running,8,25,1,3,1,121,POINT,S,MED,259,30.625,11,11,1,0,0,413.712
2,1772906789158,trial_start,running,8,25,1,3,2,122,POINT,S,MED,,,,6,,0,0,0
2,1772906789850,trial_success,running,8,25,1,3,2,122,POINT,S,MED,29,305.625,6,6,1,0,0,526.613
2,1772906789850,trial_start,running,8,25,1,3,3,123,POINT,S,MED,,,,23,,0,0,0
2,1772906790672,trial_success,running,8,25,1,3,3,123,POINT,S,MED,521,345.625,23,23,1,0,0,519.515
2,1772906790672,trial_start,running,8,25,1,3,4,124,POINT,S,MED,,,,14,,0,0,0
2,1772906791461,trial_success,running,8,25,1,3,4,124,POINT,S,MED,776,136.625,14,14,1,0,0,421.277
2,1772906791461,trial_start,running,8,25,1,3,5,125,POINT,S,MED,,,,27,,0,0,0
2,1772906792141,trial_success,running,8,25,1,3,5,125,POINT,S,MED,742,326.625,27,27,1,0,0,260.646
2,1772906792141,block_end,running,8,25,1,3,5,125,POINT,S,MED,,,,27,,0,0,260.646
2,1772906792141,rest_screen,rest,8,25,1,3,5,125,POINT,S,MED,,,,-1,,0,0,260.646
2,1772906792552,block_start,running,8,26,2,3,0,125,POINT,S,MED,,,,-1,,0,0,260.646
2,1772906792552,trial_start,running,8,26,2,3,1,126,POINT,S,MED,,,,10,,0,0,0
2,1772906793568,trial_success,running,8,26,2,3,1,126,POINT,S,MED,844,419.625,10,10,1,0,0,574.9
2,1772906793568,trial_start,running,8,26,2,3,2,127,POINT,S,MED,,,,22,,0,0,0
2,1772906794403,trial_error_click,running,8,26,2,3,2,127,POINT,S,MED,856,197.625,-1,22,0,0,1,253.044
2,1772906794691,trial_success,running,8,26,2,3,2,127,POINT,S,MED,860,197.625,22,22,1,0,1,257.044
2,1772906794691,trial_start,running,8,26,2,3,3,128,POINT,S,MED,,,,6,,0,0,0
2,1772906795599,trial_success,running,8,26,2,3,3,128,POINT,S,MED,513,349.625,6,6,1,0,0,393.215
2,1772906795599,trial_start,running,8,26,2,3,4,129,POINT,S,MED,,,,19,,0,0,0
2,1772906797223,trial_success,running,8,26,2,3,4,129,POINT,S,MED,803,475.625,19,19,1,0,0,1742.475
2,1772906797223,trial_start,running,8,26,2,3,5,130,POINT,S,MED,,,,22,,0,0,0
2,1772906798014,trial_success,running,8,26,2,3,5,130,POINT,S,MED,872,206.625,22,22,1,0,0,599.179
2,1772906798014,block_end,running,8,26,2,3,5,130,POINT,S,MED,,,,22,,0,0,599.179
2,1772906798015,rest_screen,rest,8,26,2,3,5,130,POINT,S,MED,,,,-1,,0,0,599.179
2,1772906798435,block_start,running,8,27,3,3,0,130,POINT,S,MED,,,,-1,,0,0,599.179
2,1772906798435,trial_start,running,8,27,3,3,1,131,POINT,S,MED,,,,16,,0,0,0
2,1772906799293,trial_success,running,8,27,3,3,1,131,POINT,S,MED,861,218.625,16,16,1,0,0,508.051
2,1772906799293,trial_start,running,8,27,3,3,2,132,POINT,S,MED,,,,5,,0,0,0
2,1772906799977,trial_success,running,8,27,3,3,2,132,POINT,S,MED,701,113.625,5,5,1,0,0,200.935
2,1772906799977,trial_start,running,8,27,3,3,3,133,POINT,S,MED,,,,16,,0,0,0
2,1772906800752,trial_success,running,8,27,3,3,3,133,POINT,S,MED,857,212.625,16,16,1,0,0,228.461
2,1772906800753,trial_start,running,8,27,3,3,4,134,POINT,S,MED,,,,14,,0,0,0
2,1772906801598,trial_success,running,8,27,3,3,4,134,POINT,S,MED,385,390.625,14,14,1,0,0,697.492
2,1772906801599,trial_start,running,8,27,3,3,5,135,POINT,S,MED,,,,10,,0,0,0
2,1772906802351,trial_success,running,8,27,3,3,5,135,POINT,S,MED,209,230.625,10,10,1,0,0,251.799
2,1772906802351,block_end,running,8,27,3,3,5,135,POINT,S,MED,,,,10,,0,0,251.799
2,1772906802351,rest_screen,rest,8,27,3,3,5,135,POINT,S,MED,,,,-1,,0,0,251.799
2,1772906802739,block_start,running,9,28,1,3,0,135,AREA,M,TIGHT,,,,-1,,0,0,251.799
2,1772906802739,trial_start,running,9,28,1,3,1,136,AREA,M,TIGHT,,,,28,,0,0,0
2,1772906803636,trial_success,running,9,28,1,3,1,136,AREA,M,TIGHT,871,178.625,28,28,1,0,0,437.029
2,1772906803636,trial_start,running,9,28,1,3,2,137,AREA,M,TIGHT,,,,15,,0,0,0
2,1772906804327,trial_success,running,9,28,1,3,2,137,AREA,M,TIGHT,680,327.625,15,15,1,0,0,482.942
2,1772906804327,trial_start,running,9,28,1,3,3,138,AREA,M,TIGHT,,,,25,,0,0,0
2,1772906804912,trial_success,running,9,28,1,3,3,138,AREA,M,TIGHT,538,364.625,25,25,1,0,0,168.515
2,1772906804913,trial_start,running,9,28,1,3,4,139,AREA,M,TIGHT,,,,3,,0,0,0
2,1772906805480,trial_success,running,9,28,1,3,4,139,AREA,M,TIGHT,454,244.625,3,3,1,0,0,180.688
2,1772906805480,trial_start,running,9,28,1,3,5,140,AREA,M,TIGHT,,,,20,,0,0,0
2,1772906806229,trial_success,running,9,28,1,3,5,140,AREA,M,TIGHT,388,358.625,20,20,1,0,0,536.074
2,1772906806229,block_end,running,9,28,1,3,5,140,AREA,M,TIGHT,,,,20,,0,0,536.074
2,1772906806230,rest_screen,rest,9,28,1,3,5,140,AREA,M,TIGHT,,,,-1,,0,0,536.074
2,1772906806647,block_start,running,9,29,2,3,0,140,AREA,M,TIGHT,,,,-1,,0,0,536.074
2,1772906806647,trial_start,running,9,29,2,3,1,141,AREA,M,TIGHT,,,,9,,0,0,0
2,1772906807558,trial_success,running,9,29,2,3,1,141,AREA,M,TIGHT,333,27.625,9,9,1,0,0,351.15
2,1772906807558,trial_start,running,9,29,2,3,2,142,AREA,M,TIGHT,,,,11,,0,0,0
2,1772906808330,trial_success,running,9,29,2,3,2,142,AREA,M,TIGHT,903,333.625,11,11,1,0,0,666.15
2,1772906808331,trial_start,running,9,29,2,3,3,143,AREA,M,TIGHT,,,,7,,0,0,0
2,1772906809172,trial_success,running,9,29,2,3,3,143,AREA,M,TIGHT,38,289.625,7,7,1,0,0,910.961
2,1772906809172,trial_start,running,9,29,2,3,4,144,AREA,M,TIGHT,,,,4,,0,0,0
2,1772906809828,trial_success,running,9,29,2,3,4,144,AREA,M,TIGHT,573,56.625,4,4,1,0,0,729.61
2,1772906809828,trial_start,running,9,29,2,3,5,145,AREA,M,TIGHT,,,,3,,0,0,0
2,1772906810502,trial_success,running,9,29,2,3,5,145,AREA,M,TIGHT,846,221.625,3,3,1,0,0,474.255
2,1772906810502,block_end,running,9,29,2,3,5,145,AREA,M,TIGHT,,,,3,,0,0,474.255
2,1772906810502,rest_screen,rest,9,29,2,3,5,145,AREA,M,TIGHT,,,,-1,,0,0,474.255
2,1772906810878,block_start,running,9,30,3,3,0,145,AREA,M,TIGHT,,,,-1,,0,0,474.255
2,1772906810878,trial_start,running,9,30,3,3,1,146,AREA,M,TIGHT,,,,27,,0,0,0
2,1772906811689,trial_error_click,running,9,30,3,3,1,146,AREA,M,TIGHT,106,360.625,-1,27,0,0,1,442.391
2,1772906812275,trial_success,running,9,30,3,3,1,146,AREA,M,TIGHT,127,367.625,27,27,1,0,1,828.235
2,1772906812275,trial_start,running,9,30,3,3,2,147,AREA,M,TIGHT,,,,17,,0,0,0
2,1772906812925,trial_success,running,9,30,3,3,2,147,AREA,M,TIGHT,66,224.625,17,17,1,0,0,747.467
2,1772906812925,trial_start,running,9,30,3,3,3,148,AREA,M,TIGHT,,,,10,,0,0,0
2,1772906813590,trial_success,running,9,30,3,3,3,148,AREA,M,TIGHT,861,84.625,10,10,1,0,0,856.965
2,1772906813590,trial_start,running,9,30,3,3,4,149,AREA,M,TIGHT,,,,27,,0,0,0
2,1772906814344,trial_success,running,9,30,3,3,4,149,AREA,M,TIGHT,123,366.625,27,27,1,0,0,818.331
2,1772906814344,trial_start,running,9,30,3,3,5,150,AREA,M,TIGHT,,,,12,,0,0,0
2,1772906815048,trial_success,running,9,30,3,3,5,150,AREA,M,TIGHT,867,424.625,12,12,1,0,0,892.159
2,1772906815048,block_end,running,9,30,3,3,5,150,AREA,M,TIGHT,,,,12,,0,0,892.159
2,1772906815048,rest_screen,rest,9,30,3,3,5,150,AREA,M,TIGHT,,,,-1,,0,0,892.159
2,1772906815477,block_start,running,10,31,1,3,0,150,AREA,L,LOOSE,,,,-1,,0,0,892.159
2,1772906815477,trial_start,running,10,31,1,3,1,151,AREA,L,LOOSE,,,,9,,0,0,0
2,1772906816248,trial_success,running,10,31,1,3,1,151,AREA,L,LOOSE,663,404.625,9,9,1,0,0,345.056
2,1772906816248,trial_start,running,10,31,1,3,2,152,AREA,L,LOOSE,,,,28,,0,0,0
2,1772906816920,trial_success,running,10,31,1,3,2,152,AREA,L,LOOSE,663,39.625,28,28,1,0,0,574.222
2,1772906816920,trial_start,running,10,31,1,3,3,153,AREA,L,LOOSE,,,,1,,0,0,0
2,1772906817636,trial_success,running,10,31,1,3,3,153,AREA,L,LOOSE,81,241.625,1,1,1,0,0,739.185
2,1772906817636,trial_start,running,10,31,1,3,4,154,AREA,L,LOOSE,,,,8,,0,0,0
2,1772906818364,trial_success,running,10,31,1,3,4,154,AREA,L,LOOSE,871,398.625,8,8,1,0,0,893.598
2,1772906818364,trial_start,running,10,31,1,3,5,155,AREA,L,LOOSE,,,,27,,0,0,0
2,1772906819050,trial_success,running,10,31,1,3,5,155,AREA,L,LOOSE,197,109.625,27,27,1,0,0,773.008
2,1772906819050,block_end,running,10,31,1,3,5,155,AREA,L,LOOSE,,,,27,,0,0,773.008
2,1772906819050,rest_screen,rest,10,31,1,3,5,155,AREA,L,LOOSE,,,,-1,,0,0,773.008
2,1772906819526,block_start,running,10,32,2,3,0,155,AREA,L,LOOSE,,,,-1,,0,0,773.008
2,1772906819526,trial_start,running,10,32,2,3,1,156,AREA,L,LOOSE,,,,15,,0,0,0
2,1772906820313,trial_success,running,10,32,2,3,1,156,AREA,L,LOOSE,468,198.625,15,15,1,0,0,214.946
2,1772906820313,trial_start,running,10,32,2,3,2,157,AREA,L,LOOSE,,,,6,,0,0,0
2,1772906820948,trial_success,running,10,32,2,3,2,157,AREA,L,LOOSE,168,428.625,6,6,1,0,0,551.462
2,1772906820949,trial_start,running,10,32,2,3,3,158,AREA,L,LOOSE,,,,12,,0,0,0
2,1772906821572,trial_success,running,10,32,2,3,3,158,AREA,L,LOOSE,805,425.625,12,12,1,0,0,754.352
2,1772906821572,trial_start,running,10,32,2,3,4,159,AREA,L,LOOSE,,,,10,,0,0,0
2,1772906822302,trial_success,running,10,32,2,3,4,159,AREA,L,LOOSE,161,54.625,10,10,1,0,0,763.509
2,1772906822302,trial_start,running,10,32,2,3,5,160,AREA,L,LOOSE,,,,4,,0,0,0
2,1772906823059,trial_success,running,10,32,2,3,5,160,AREA,L,LOOSE,380,271.625,4,4,1,0,0,949.742
2,1772906823059,block_end,running,10,32,2,3,5,160,AREA,L,LOOSE,,,,4,,0,0,949.742
2,1772906823059,rest_screen,rest,10,32,2,3,5,160,AREA,L,LOOSE,,,,-1,,0,0,949.742
2,1772906823475,block_start,running,10,33,3,3,0,160,AREA,L,LOOSE,,,,-1,,0,0,949.742
2,1772906823475,trial_start,running,10,33,3,3,1,161,AREA,L,LOOSE,,,,15,,0,0,0
2,1772906824165,trial_success,running,10,33,3,3,1,161,AREA,L,LOOSE,300,211.625,15,15,1,0,0,323.816
2,1772906824165,trial_start,running,10,33,3,3,2,162,AREA,L,LOOSE,,,,11,,0,0,0
2,1772906824761,trial_success,running,10,33,3,3,2,162,AREA,L,LOOSE,552,346.625,11,11,1,0,0,459.064
2,1772906824761,trial_start,running,10,33,3,3,3,163,AREA,L,LOOSE,,,,28,,0,0,0
2,1772906825341,trial_success,running,10,33,3,3,3,163,AREA,L,LOOSE,318,443.625,28,28,1,0,0,282.751
2,1772906825341,trial_start,running,10,33,3,3,4,164,AREA,L,LOOSE,,,,6,,0,0,0
2,1772906826018,trial_success,running,10,33,3,3,4,164,AREA,L,LOOSE,908,432.625,6,6,1,0,0,622.878
2,1772906826018,trial_start,running,10,33,3,3,5,165,AREA,L,LOOSE,,,,0,,0,0,0
2,1772906826833,trial_success,running,10,33,3,3,5,165,AREA,L,LOOSE,193,421.625,0,0,1,0,0,797.039
2,1772906826833,block_end,running,10,33,3,3,5,165,AREA,L,LOOSE,,,,0,,0,0,797.039
2,1772906826833,rest_screen,rest,10,33,3,3,5,165,AREA,L,LOOSE,,,,-1,,0,0,797.039
2,1772906827264,block_start,running,11,34,1,3,0,165,AREA,M,MED,,,,-1,,0,0,797.039
2,1772906827264,trial_start,running,11,34,1,3,1,166,AREA,M,MED,,,,26,,0,0,0
2,1772906827979,trial_success,running,11,34,1,3,1,166,AREA,M,MED,897,90.625,26,26,1,0,0,597.646
2,1772906827979,trial_start,running,11,34,1,3,2,167,AREA,M,MED,,,,3,,0,0,0
2,1772906828726,trial_success,running,11,34,1,3,2,167,AREA,M,MED,142,54.625,3,3,1,0,0,911.819
2,1772906828726,trial_start,running,11,34,1,3,3,168,AREA,M,MED,,,,10,,0,0,0
2,1772906829366,trial_success,running,11,34,1,3,3,168,AREA,M,MED,674,72.625,10,10,1,0,0,643.847
2,1772906829366,trial_start,running,11,34,1,3,4,169,AREA,M,MED,,,,17,,0,0,0
2,1772906830130,trial_success,running,11,34,1,3,4,169,AREA,M,MED,898,416.625,17,17,1,0,0,584.174
2,1772906830130,trial_start,running,11,34,1,3,5,170,AREA,M,MED,,,,14,,0,0,0
2,1772906830759,trial_success,running,11,34,1,3,5,170,AREA,M,MED,876,197.625,14,14,1,0,0,802.107
2,1772906830759,block_end,running,11,34,1,3,5,170,AREA,M,MED,,,,14,,0,0,802.107
2,1772906830759,rest_screen,rest,11,34,1,3,5,170,AREA,M,MED,,,,-1,,0,0,802.107
2,1772906831246,block_start,running,11,35,2,3,0,170,AREA,M,MED,,,,-1,,0,0,802.107
2,1772906831246,trial_start,running,11,35,2,3,1,171,AREA,M,MED,,,,28,,0,0,0
2,1772906832245,trial_success,running,11,35,2,3,1,171,AREA,M,MED,864,465.625,28,28,1,0,0,769.47
2,1772906832245,trial_start,running,11,35,2,3,2,172,AREA,M,MED,,,,27,,0,0,0
2,1772906832841,trial_success,running,11,35,2,3,2,172,AREA,M,MED,187,133.625,27,27,1,0,0,762.117
2,1772906832841,trial_start,running,11,35,2,3,3,173,AREA,M,MED,,,,23,,0,0,0
2,1772906833440,trial_success,running,11,35,2,3,3,173,AREA,M,MED,709,453.625,23,23,1,0,0,797.172
2,1772906833440,trial_start,running,11,35,2,3,4,174,AREA,M,MED,,,,28,,0,0,0
2,1772906834073,trial_error_click,running,11,35,2,3,4,174,AREA,M,MED,866,427.625,-1,28,0,0,1,735.762
2,1772906834321,trial_error_click,running,11,35,2,3,4,174,AREA,M,MED,874,449.625,-1,28,0,0,2,762.655
2,1772906834621,trial_success,running,11,35,2,3,4,174,AREA,M,MED,871,471.625,28,28,1,0,2,791.898
2,1772906834621,trial_start,running,11,35,2,3,5,175,AREA,M,MED,,,,29,,0,0,0
2,1772906835382,trial_success,running,11,35,2,3,5,175,AREA,M,MED,28,269.625,29,29,1,0,0,959.279
2,1772906835382,block_end,running,11,35,2,3,5,175,AREA,M,MED,,,,29,,0,0,959.279
2,1772906835382,rest_screen,rest,11,35,2,3,5,175,AREA,M,MED,,,,-1,,0,0,959.279
2,1772906835790,block_start,running,11,36,3,3,0,175,AREA,M,MED,,,,-1,,0,0,959.279
2,1772906835790,trial_start,running,11,36,3,3,1,176,AREA,M,MED,,,,7,,0,0,0
2,1772906836444,trial_success,running,11,36,3,3,1,176,AREA,M,MED,164,289.625,7,7,1,0,0,459.59
2,1772906836444,trial_start,running,11,36,3,3,2,177,AREA,M,MED,,,,20,,0,0,0
2,1772906837054,trial_success,running,11,36,3,3,2,177,AREA,M,MED,485,157.625,20,20,1,0,0,561.507
2,1772906837054,trial_start,running,11,36,3,3,3,178,AREA,M,MED,,,,14,,0,0,0
2,1772906837662,trial_success,running,11,36,3,3,3,178,AREA,M,MED,855,464.625,14,14,1,0,0,491.4
2,1772906837662,trial_start,running,11,36,3,3,4,179,AREA,M,MED,,,,19,,0,0,0
2,1772906838368,trial_success,running,11,36,3,3,4,179,AREA,M,MED,445,339.625,19,19,1,0,0,780.813
2,1772906838368,trial_start,running,11,36,3,3,5,180,AREA,M,MED,,,,20,,0,0,0
2,1772906838947,trial_success,running,11,36,3,3,5,180,AREA,M,MED,468,150.625,20,20,1,0,0,193.921
2,1772906838947,block_end,running,11,36,3,3,5,180,AREA,M,MED,,,,20,,0,0,193.921
2,1772906838947,rest_screen,rest,11,36,3,3,5,180,AREA,M,MED,,,,-1,,0,0,193.921
2,1772906839357,block_start,running,12,37,1,3,0,180,AREA,L,TIGHT,,,,-1,,0,0,193.921
2,1772906839357,trial_start,running,12,37,1,3,1,181,AREA,L,TIGHT,,,,25,,0,0,0
2,1772906840027,trial_success,running,12,37,1,3,1,181,AREA,L,TIGHT,416,160.625,25,25,1,0,0,111.323
2,1772906840027,trial_start,running,12,37,1,3,2,182,AREA,L,TIGHT,,,,6,,0,0,0
2,1772906840593,trial_error_click,running,12,37,1,3,2,182,AREA,L,TIGHT,301,399.625,-1,6,0,0,1,328.362
2,1772906840814,trial_success,running,12,37,1,3,2,182,AREA,L,TIGHT,303,374.625,6,6,1,0,1,355.362
2,1772906840814,trial_start,running,12,37,1,3,3,183,AREA,L,TIGHT,,,,17,,0,0,0
2,1772906841508,trial_success,running,12,37,1,3,3,183,AREA,L,TIGHT,682,347.625,17,17,1,0,0,394.556
2,1772906841508,trial_start,running,12,37,1,3,4,184,AREA,L,TIGHT,,,,18,,0,0,0
2,1772906842071,trial_error_click,running,12,37,1,3,4,184,AREA,L,TIGHT,494,149.625,-1,18,0,0,1,280.34
2,1772906842319,trial_success,running,12,37,1,3,4,184,AREA,L,TIGHT,514,132.625,18,18,1,0,1,308.604
2,1772906842319,trial_start,running,12,37,1,3,5,185,AREA,L,TIGHT,,,,17,,0,0,0
2,1772906842967,trial_success,running,12,37,1,3,5,185,AREA,L,TIGHT,704,342.625,17,17,1,0,0,326.837
2,1772906842967,block_end,running,12,37,1,3,5,185,AREA,L,TIGHT,,,,17,,0,0,326.837
2,1772906842967,rest_screen,rest,12,37,1,3,5,185,AREA,L,TIGHT,,,,-1,,0,0,326.837
2,1772906843400,block_start,running,12,38,2,3,0,185,AREA,L,TIGHT,,,,-1,,0,0,326.837
2,1772906843400,trial_start,running,12,38,2,3,1,186,AREA,L,TIGHT,,,,24,,0,0,0
2,1772906844041,trial_error_click,running,12,38,2,3,1,186,AREA,L,TIGHT,289,354.625,-1,24,0,0,1,234.58
2,1772906844447,trial_success,running,12,38,2,3,1,186,AREA,L,TIGHT,240,344.625,24,24,1,0,1,288.45
2,1772906844447,trial_start,running,12,38,2,3,2,187,AREA,L,TIGHT,,,,19,,0,0,0
2,1772906845172,trial_success,running,12,38,2,3,2,187,AREA,L,TIGHT,883,343.625,19,19,1,0,0,655.382
2,1772906845172,trial_start,running,12,38,2,3,3,188,AREA,L,TIGHT,,,,3,,0,0,0
2,1772906845864,trial_success,running,12,38,2,3,3,188,AREA,L,TIGHT,131,216.625,3,3,1,0,0,779.192
2,1772906845864,trial_start,running,12,38,2,3,4,189,AREA,L,TIGHT,,,,14,,0,0,0
2,1772906846543,trial_success,running,12,38,2,3,4,189,AREA,L,TIGHT,863,394.625,14,14,1,0,0,761.919
2,1772906846543,trial_start,running,12,38,2,3,5,190,AREA,L,TIGHT,,,,22,,0,0,0
2,1772906847305,trial_success,running,12,38,2,3,5,190,AREA,L,TIGHT,54,77.625,22,22,1,0,0,889.396
2,1772906847305,block_end,running,12,38,2,3,5,190,AREA,L,TIGHT,,,,22,,0,0,889.396
2,1772906847305,rest_screen,rest,12,38,2,3,5,190,AREA,L,TIGHT,,,,-1,,0,0,889.396
2,1772906847783,block_start,running,12,39,3,3,0,190,AREA,L,TIGHT,,,,-1,,0,0,889.396
2,1772906847783,trial_start,running,12,39,3,3,1,191,AREA,L,TIGHT,,,,17,,0,0,0
2,1772906848467,trial_success,running,12,39,3,3,1,191,AREA,L,TIGHT,656,95.625,17,17,1,0,0,267.893
2,1772906848467,trial_start,running,12,39,3,3,2,192,AREA,L,TIGHT,,,,6,,0,0,0
2,1772906849066,trial_success,running,12,39,3,3,2,192,AREA,L,TIGHT,194,285.625,6,6,1,0,0,522.844
2,1772906849066,trial_start,running,12,39,3,3,3,193,AREA,L,TIGHT,,,,20,,0,0,0
2,1772906849735,trial_success,running,12,39,3,3,3,193,AREA,L,TIGHT,59,181.625,20,20,1,0,0,798.421
2,1772906849735,trial_start,running,12,39,3,3,4,194,AREA,L,TIGHT,,,,6,,0,0,0
2,1772906850345,trial_success,running,12,39,3,3,4,194,AREA,L,TIGHT,200,287.625,6,6,1,0,0,405.193
2,1772906850345,trial_start,running,12,39,3,3,5,195,AREA,L,TIGHT,,,,23,,0,0,0
2,1772906850845,trial_error_click,running,12,39,3,3,5,195,AREA,L,TIGHT,359,207.625,-1,23,0,0,1,281.645
2,1772906851147,trial_success,running,12,39,3,3,5,195,AREA,L,TIGHT,365,193.625,23,23,1,0,1,300.473
2,1772906851147,block_end,running,12,39,3,3,5,195,AREA,L,TIGHT,,,,23,,0,1,300.473
2,1772906851147,rest_screen,rest,12,39,3,3,5,195,AREA,L,TIGHT,,,,-1,,0,1,300.473
2,1772906851548,block_start,running,13,40,1,3,0,195,AREA,S,MED,,,,-1,,0,1,300.473
2,1772906851548,trial_start,running,13,40,1,3,1,196,AREA,S,MED,,,,1,,0,0,0
2,1772906852298,trial_success,running,13,40,1,3,1,196,AREA,S,MED,468,272.625,1,1,1,0,0,250.019
2,1772906852298,trial_start,running,13,40,1,3,2,197,AREA,S,MED,,,,2,,0,0,0
2,1772906853076,trial_success,running,13,40,1,3,2,197,AREA,S,MED,389,49.625,2,2,1,0,0,268.207
2,1772906853076,trial_start,running,13,40,1,3,3,198,AREA,S,MED,,,,24,,0,0,0
2,1772906853790,trial_success,running,13,40,1,3,3,198,AREA,S,MED,182,417.625,24,24,1,0,0,545.841
2,1772906853791,trial_start,running,13,40,1,3,4,199,AREA,S,MED,,,,3,,0,0,0
2,1772906854508,trial_success,running,13,40,1,3,4,199,AREA,S,MED,669,383.625,3,3,1,0,0,641.889
2,1772906854508,trial_start,running,13,40,1,3,5,200,AREA,S,MED,,,,5,,0,0,0
2,1772906855218,trial_success,running,13,40,1,3,5,200,AREA,S,MED,359,327.625,5,5,1,0,0,325.286
2,1772906855218,block_end,running,13,40,1,3,5,200,AREA,S,MED,,,,5,,0,0,325.286
2,1772906855218,rest_screen,rest,13,40,1,3,5,200,AREA,S,MED,,,,-1,,0,0,325.286
2,1772906855611,block_start,running,13,41,2,3,0,200,AREA,S,MED,,,,-1,,0,0,325.286
2,1772906855611,trial_start,running,13,41,2,3,1,201,AREA,S,MED,,,,23,,0,0,0
2,1772906856669,trial_success,running,13,41,2,3,1,201,AREA,S,MED,79,21.625,23,23,1,0,0,654.576
2,1772906856670,trial_start,running,13,41,2,3,2,202,AREA,S,MED,,,,7,,0,0,0
2,1772906857294,trial_success,running,13,41,2,3,2,202,AREA,S,MED,192,297.625,7,7,1,0,0,564.168
2,1772906857295,trial_start,running,13,41,2,3,3,203,AREA,S,MED,,,,2,,0,0,0
2,1772906857962,trial_success,running,13,41,2,3,3,203,AREA,S,MED,47,270.625,2,2,1,0,0,414.292
2,1772906857963,trial_start,running,13,41,2,3,4,204,AREA,S,MED,,,,1,,0,0,0
2,1772906858593,trial_success,running,13,41,2,3,4,204,AREA,S,MED,369,408.625,1,1,1,0,0,528.787
2,1772906858593,trial_start,running,13,41,2,3,5,205,AREA,S,MED,,,,29,,0,0,0
2,1772906859265,trial_success,running,13,41,2,3,5,205,AREA,S,MED,451,38.625,29,29,1,0,0,612.005
2,1772906859265,block_end,running,13,41,2,3,5,205,AREA,S,MED,,,,29,,0,0,612.005
2,1772906859266,rest_screen,rest,13,41,2,3,5,205,AREA,S,MED,,,,-1,,0,0,612.005
2,1772906859641,block_start,running,13,42,3,3,0,205,AREA,S,MED,,,,-1,,0,0,612.005
2,1772906859641,trial_start,running,13,42,3,3,1,206,AREA,S,MED,,,,17,,0,0,0
2,1772906860354,trial_success,running,13,42,3,3,1,206,AREA,S,MED,519,309.625,17,17,1,0,0,187.663
2,1772906860354,trial_start,running,13,42,3,3,2,207,AREA,S,MED,,,,18,,0,0,0
2,1772906860945,trial_error_click,running,13,42,3,3,2,207,AREA,S,MED,689,245.625,-1,18,0,0,1,215.453
2,1772906861267,trial_success,running,13,42,3,3,2,207,AREA,S,MED,710,237.625,18,18,1,0,1,342.613
2,1772906861267,trial_start,running,13,42,3,3,3,208,AREA,S,MED,,,,22,,0,0,0
2,1772906862025,trial_success,running,13,42,3,3,3,208,AREA,S,MED,155,119.625,22,22,1,0,0,684.689
2,1772906862025,trial_start,running,13,42,3,3,4,209,AREA,S,MED,,,,26,,0,0,0
2,1772906862500,trial_success,running,13,42,3,3,4,209,AREA,S,MED,171,229.625,26,26,1,0,0,129.222
2,1772906862500,trial_start,running,13,42,3,3,5,210,AREA,S,MED,,,,2,,0,0,0
2,1772906862978,trial_success,running,13,42,3,3,5,210,AREA,S,MED,338,161.625,2,2,1,0,0,212.37
2,1772906862978,block_end,running,13,42,3,3,5,210,AREA,S,MED,,,,2,,0,0,212.37
2,1772906862979,rest_screen,rest,13,42,3,3,5,210,AREA,S,MED,,,,-1,,0,0,212.37
2,1772906863351,block_start,running,14,43,1,3,0,210,AREA,L,MED,,,,-1,,0,0,212.37
2,1772906863351,trial_start,running,14,43,1,3,1,211,AREA,L,MED,,,,28,,0,0,0
2,1772906863964,trial_error_click,running,14,43,1,3,1,211,AREA,L,MED,537,401.625,-1,28,0,0,1,217.281
2,1772906864195,trial_success,running,14,43,1,3,1,211,AREA,L,MED,546,417.625,28,28,1,0,1,241.109
2,1772906864195,trial_start,running,14,43,1,3,2,212,AREA,L,MED,,,,18,,0,0,0
2,1772906864840,trial_success,running,14,43,1,3,2,212,AREA,L,MED,827,408.625,18,18,1,0,0,411.771
2,1772906864840,trial_start,running,14,43,1,3,3,213,AREA,L,MED,,,,4,,0,0,0
2,1772906865505,trial_success,running,14,43,1,3,3,213,AREA,L,MED,169,301.625,4,4,1,0,0,677.517
2,1772906865505,trial_start,running,14,43,1,3,4,214,AREA,L,MED,,,,3,,0,0,0
2,1772906866145,trial_success,running,14,43,1,3,4,214,AREA,L,MED,557,106.625,3,3,1,0,0,463.461
2,1772906866145,trial_start,running,14,43,1,3,5,215,AREA,L,MED,,,,18,,0,0,0
2,1772906866702,trial_success,running,14,43,1,3,5,215,AREA,L,MED,799,404.625,18,18,1,0,0,402.089
2,1772906866702,block_end,running,14,43,1,3,5,215,AREA,L,MED,,,,18,,0,0,402.089
2,1772906866702,rest_screen,rest,14,43,1,3,5,215,AREA,L,MED,,,,-1,,0,0,402.089
2,1772906867032,block_start,running,14,44,2,3,0,215,AREA,L,MED,,,,-1,,0,0,402.089
2,1772906867032,trial_start,running,14,44,2,3,1,216,AREA,L,MED,,,,14,,0,0,0
2,1772906867663,trial_success,running,14,44,2,3,1,216,AREA,L,MED,817,127.625,14,14,1,0,0,370.902
2,1772906867663,trial_start,running,14,44,2,3,2,217,AREA,L,MED,,,,21,,0,0,0
2,1772906868323,trial_success,running,14,44,2,3,2,217,AREA,L,MED,322,326.625,21,21,1,0,0,536.422
2,1772906868323,trial_start,running,14,44,2,3,3,218,AREA,L,MED,,,,24,,0,0,0
2,1772906868796,trial_success,running,14,44,2,3,3,218,AREA,L,MED,468,176.625,24,24,1,0,0,213.914
2,1772906868796,trial_start,running,14,44,2,3,4,219,AREA,L,MED,,,,2,,0,0,0
2,1772906869379,trial_success,running,14,44,2,3,4,219,AREA,L,MED,831,290.625,2,2,1,0,0,398.11
2,1772906869379,trial_start,running,14,44,2,3,5,220,AREA,L,MED,,,,13,,0,0,0
2,1772906870083,trial_error_click,running,14,44,2,3,5,220,AREA,L,MED,80,403.625,-1,13,0,0,1,782.236
2,1772906870298,trial_success,running,14,44,2,3,5,220,AREA,L,MED,29,412.625,13,13,1,0,1,838.693
2,1772906870298,block_end,running,14,44,2,3,5,220,AREA,L,MED,,,,13,,0,1,838.693
2,1772906870298,rest_screen,rest,14,44,2,3,5,220,AREA,L,MED,,,,-1,,0,1,838.693
2,1772906870724,block_start,running,14,45,3,3,0,220,AREA,L,MED,,,,-1,,0,1,838.693
2,1772906870725,trial_start,running,14,45,3,3,1,221,AREA,L,MED,,,,27,,0,0,0
2,1772906871437,trial_success,running,14,45,3,3,1,221,AREA,L,MED,780,461.625,27,27,1,0,0,422.248
2,1772906871437,trial_start,running,14,45,3,3,2,222,AREA,L,MED,,,,28,,0,0,0
2,1772906872008,trial_success,running,14,45,3,3,2,222,AREA,L,MED,362,295.625,28,28,1,0,0,496.35
2,1772906872008,trial_start,running,14,45,3,3,3,223,AREA,L,MED,,,,23,,0,0,0
2,1772906872520,trial_success,running,14,45,3,3,3,223,AREA,L,MED,275,388.625,23,23,1,0,0,135.303
2,1772906872520,trial_start,running,14,45,3,3,4,224,AREA,L,MED,,,,2,,0,0,0
2,1772906873229,trial_success,running,14,45,3,3,4,224,AREA,L,MED,812,406.625,2,2,1,0,0,678.102
2,1772906873229,trial_start,running,14,45,3,3,5,225,AREA,L,MED,,,,29,,0,0,0
2,1772906873871,trial_success,running,14,45,3,3,5,225,AREA,L,MED,310,115.625,29,29,1,0,0,591.633
2,1772906873871,block_end,running,14,45,3,3,5,225,AREA,L,MED,,,,29,,0,0,591.633
2,1772906873871,rest_screen,rest,14,45,3,3,5,225,AREA,L,MED,,,,-1,,0,0,591.633
2,1772906874250,block_start,running,15,46,1,3,0,225,AREA,S,LOOSE,,,,-1,,0,0,591.633
2,1772906874250,trial_start,running,15,46,1,3,1,226,AREA,S,LOOSE,,,,5,,0,0,0
2,1772906875338,trial_success,running,15,46,1,3,1,226,AREA,S,LOOSE,935,380.625,5,5,1,0,0,659.152
2,1772906875338,trial_start,running,15,46,1,3,2,227,AREA,S,LOOSE,,,,23,,0,0,0
2,1772906876012,trial_success,running,15,46,1,3,2,227,AREA,S,LOOSE,446,97.625,23,23,1,0,0,661.969
2,1772906876012,trial_start,running,15,46,1,3,3,228,AREA,S,LOOSE,,,,15,,0,0,0
2,1772906876701,trial_success,running,15,46,1,3,3,228,AREA,S,LOOSE,721,454.625,15,15,1,0,0,466.133
2,1772906876701,trial_start,running,15,46,1,3,4,229,AREA,S,LOOSE,,,,27,,0,0,0
2,1772906877475,trial_success,running,15,46,1,3,4,229,AREA,S,LOOSE,26,83.625,27,27,1,0,0,926.922
2,1772906877475,trial_start,running,15,46,1,3,5,230,AREA,S,LOOSE,,,,25,,0,0,0
2,1772906878197,trial_success,running,15,46,1,3,5,230,AREA,S,LOOSE,691,188.625,25,25,1,0,0,680.591
2,1772906878197,block_end,running,15,46,1,3,5,230,AREA,S,LOOSE,,,,25,,0,0,680.591
2,1772906878197,rest_screen,rest,15,46,1,3,5,230,AREA,S,LOOSE,,,,-1,,0,0,680.591
2,1772906878570,block_start,running,15,47,2,3,0,230,AREA,S,LOOSE,,,,-1,,0,0,680.591
2,1772906878570,trial_start,running,15,47,2,3,1,231,AREA,S,LOOSE,,,,18,,0,0,0
2,1772906879314,trial_success,running,15,47,2,3,1,231,AREA,S,LOOSE,780,334.625,18,18,1,0,0,383.826
2,1772906879314,trial_start,running,15,47,2,3,2,232,AREA,S,LOOSE,,,,17,,0,0,0
2,1772906879943,trial_success,running,15,47,2,3,2,232,AREA,S,LOOSE,392,436.625,17,17,1,0,0,404.135
2,1772906879943,trial_start,running,15,47,2,3,3,233,AREA,S,LOOSE,,,,6,,0,0,0
2,1772906880662,trial_success,running,15,47,2,3,3,233,AREA,S,LOOSE,172,47.625,6,6,1,0,0,483.675
2,1772906880662,trial_start,running,15,47,2,3,4,234,AREA,S,LOOSE,,,,16,,0,0,0
2,1772906881346,trial_error_click,running,15,47,2,3,4,234,AREA,S,LOOSE,831,103.625,-1,16,0,0,1,801.984
2,1772906881667,trial_success,running,15,47,2,3,4,234,AREA,S,LOOSE,833,78.625,16,16,1,0,1,832.935
2,1772906881667,trial_start,running,15,47,2,3,5,235,AREA,S,LOOSE,,,,18,,0,0,0
2,1772906882339,trial_success,running,15,47,2,3,5,235,AREA,S,LOOSE,801,348.625,18,18,1,0,0,498.66
2,1772906882339,block_end,running,15,47,2,3,5,235,AREA,S,LOOSE,,,,18,,0,0,498.66
2,1772906882339,rest_screen,rest,15,47,2,3,5,235,AREA,S,LOOSE,,,,-1,,0,0,498.66
2,1772906882787,block_start,running,15,48,3,3,0,235,AREA,S,LOOSE,,,,-1,,0,0,498.66
2,1772906882787,trial_start,running,15,48,3,3,1,236,AREA,S,LOOSE,,,,27,,0,0,0
2,1772906883317,trial_success,running,15,48,3,3,1,236,AREA,S,LOOSE,596,161.625,27,27,1,0,0,243.969
2,1772906883317,trial_start,running,15,48,3,3,2,237,AREA,S,LOOSE,,,,12,,0,0,0
2,1772906883935,trial_success,running,15,48,3,3,2,237,AREA,S,LOOSE,860,333.625,12,12,1,0,0,326.369
2,1772906883935,trial_start,running,15,48,3,3,3,238,AREA,S,LOOSE,,,,27,,0,0,0
2,1772906884554,trial_success,running,15,48,3,3,3,238,AREA,S,LOOSE,605,160.625,27,27,1,0,0,782.555
2,1772906884554,trial_start,running,15,48,3,3,4,239,AREA,S,LOOSE,,,,18,,0,0,0
2,1772906885088,trial_success,running,15,48,3,3,4,239,AREA,S,LOOSE,395,163.625,18,18,1,0,0,332.086
2,1772906885088,trial_start,running,15,48,3,3,5,240,AREA,S,LOOSE,,,,25,,0,0,0
2,1772906885755,trial_success,running,15,48,3,3,5,240,AREA,S,LOOSE,83,125.625,25,25,1,0,0,374.436
2,1772906885755,block_end,running,15,48,3,3,5,240,AREA,S,LOOSE,,,,25,,0,0,374.436
2,1772906885755,rest_screen,rest,15,48,3,3,5,240,AREA,S,LOOSE,,,,-1,,0,0,374.436
2,1772906886115,block_start,running,16,49,1,3,0,240,AREA,M,LOOSE,,,,-1,,0,0,374.436
2,1772906886115,trial_start,running,16,49,1,3,1,241,AREA,M,LOOSE,,,,3,,0,0,0
2,1772906886819,trial_success,running,16,49,1,3,1,241,AREA,M,LOOSE,67,356.625,3,3,1,0,0,515.584
2,1772906886819,trial_start,running,16,49,1,3,2,242,AREA,M,LOOSE,,,,26,,0,0,0
2,1772906887474,trial_success,running,16,49,1,3,2,242,AREA,M,LOOSE,628,210.625,26,26,1,0,0,644.404
2,1772906887474,trial_start,running,16,49,1,3,3,243,AREA,M,LOOSE,,,,12,,0,0,0
2,1772906888219,trial_success,running,16,49,1,3,3,243,AREA,M,LOOSE,94,453.625,12,12,1,0,0,685.794
2,1772906888219,trial_start,running,16,49,1,3,4,244,AREA,M,LOOSE,,,,22,,0,0,0
2,1772906888923,trial_success,running,16,49,1,3,4,244,AREA,M,LOOSE,181,391.625,22,22,1,0,0,1206.717
2,1772906888923,trial_start,running,16,49,1,3,5,245,AREA,M,LOOSE,,,,15,,0,0,0
2,1772906889505,trial_error_click,running,16,49,1,3,5,245,AREA,M,LOOSE,560,226.625,-1,15,0,0,1,423.224
2,1772906889767,trial_success,running,16,49,1,3,5,245,AREA,M,LOOSE,566,211.625,15,15,1,0,1,442.466
2,1772906889767,block_end,running,16,49,1,3,5,245,AREA,M,LOOSE,,,,15,,0,1,442.466
2,1772906889767,rest_screen,rest,16,49,1,3,5,245,AREA,M,LOOSE,,,,-1,,0,1,442.466
2,1772906890166,block_start,running,16,50,2,3,0,245,AREA,M,LOOSE,,,,-1,,0,1,442.466
2,1772906890166,trial_start,running,16,50,2,3,1,246,AREA,M,LOOSE,,,,19,,0,0,0
2,1772906890883,trial_error_click,running,16,50,2,3,1,246,AREA,M,LOOSE,522,295.625,-1,19,0,0,1,156.829
2,1772906891252,trial_success,running,16,50,2,3,1,246,AREA,M,LOOSE,531,290.625,19,19,1,0,1,170.829
2,1772906891252,trial_start,running,16,50,2,3,2,247,AREA,M,LOOSE,,,,12,,0,0,0
2,1772906891949,trial_success,running,16,50,2,3,2,247,AREA,M,LOOSE,483,244.625,12,12,1,0,0,537.897
2,1772906891949,trial_start,running,16,50,2,3,3,248,AREA,M,LOOSE,,,,29,,0,0,0
2,1772906892636,trial_success,running,16,50,2,3,3,248,AREA,M,LOOSE,930,157.625,29,29,1,0,0,464.599
2,1772906892636,trial_start,running,16,50,2,3,4,249,AREA,M,LOOSE,,,,15,,0,0,0
2,1772906893235,trial_success,running,16,50,2,3,4,249,AREA,M,LOOSE,517,171.625,15,15,1,0,0,466.01
2,1772906893235,trial_start,running,16,50,2,3,5,250,AREA,M,LOOSE,,,,23,,0,0,0
2,1772906893892,trial_success,running,16,50,2,3,5,250,AREA,M,LOOSE,377,458.625,23,23,1,0,0,333.721
2,1772906893892,block_end,running,16,50,2,3,5,250,AREA,M,LOOSE,,,,23,,0,0,333.721
2,1772906893892,rest_screen,rest,16,50,2,3,5,250,AREA,M,LOOSE,,,,-1,,0,0,333.721
2,1772906894296,block_start,running,16,51,3,3,0,250,AREA,M,LOOSE,,,,-1,,0,0,333.721
2,1772906894296,trial_start,running,16,51,3,3,1,251,AREA,M,LOOSE,,,,25,,0,0,0
2,1772906894997,trial_success,running,16,51,3,3,1,251,AREA,M,LOOSE,900,357.625,25,25,1,0,0,444.176
2,1772906894997,trial_start,running,16,51,3,3,2,252,AREA,M,LOOSE,,,,18,,0,0,0
2,1772906895715,trial_success,running,16,51,3,3,2,252,AREA,M,LOOSE,576,255.625,18,18,1,0,0,343.655
2,1772906895715,trial_start,running,16,51,3,3,3,253,AREA,M,LOOSE,,,,25,,0,0,0
2,1772906896326,trial_success,running,16,51,3,3,3,253,AREA,M,LOOSE,911,367.625,25,25,1,0,0,403.782
2,1772906896326,trial_start,running,16,51,3,3,4,254,AREA,M,LOOSE,,,,17,,0,0,0
2,1772906896946,trial_success,running,16,51,3,3,4,254,AREA,M,LOOSE,417,142.625,17,17,1,0,0,569.818
2,1772906896946,trial_start,running,16,51,3,3,5,255,AREA,M,LOOSE,,,,11,,0,0,0
2,1772906897650,trial_success,running,16,51,3,3,5,255,AREA,M,LOOSE,758,381.625,11,11,1,0,0,503.223
2,1772906897650,block_end,running,16,51,3,3,5,255,AREA,M,LOOSE,,,,11,,0,0,503.223
2,1772906897650,rest_screen,rest,16,51,3,3,5,255,AREA,M,LOOSE,,,,-1,,0,0,503.223
2,1772906898059,block_start,running,17,52,1,3,0,255,AREA,S,TIGHT,,,,-1,,0,0,503.223
2,1772906898059,trial_start,running,17,52,1,3,1,256,AREA,S,TIGHT,,,,6,,0,0,0
2,1772906898885,trial_success,running,17,52,1,3,1,256,AREA,S,TIGHT,740,137.625,6,6,1,0,0,386.436
2,1772906898885,trial_start,running,17,52,1,3,2,257,AREA,S,TIGHT,,,,9,,0,0,0
2,1772906899579,trial_success,running,17,52,1,3,2,257,AREA,S,TIGHT,699,175.625,9,9,1,0,0,533.783
2,1772906899579,trial_start,running,17,52,1,3,3,258,AREA,S,TIGHT,,,,29,,0,0,0
2,1772906900385,trial_success,running,17,52,1,3,3,258,AREA,S,TIGHT,72,380.625,29,29,1,0,0,686.081
2,1772906900385,trial_start,running,17,52,1,3,4,259,AREA,S,TIGHT,,,,4,,0,0,0
2,1772906901094,trial_success,running,17,52,1,3,4,259,AREA,S,TIGHT,804,152.625,4,4,1,0,0,775.428
2,1772906901094,trial_start,running,17,52,1,3,5,260,AREA,S,TIGHT,,,,15,,0,0,0
2,1772906901944,trial_error_click,running,17,52,1,3,5,260,AREA,S,TIGHT,147,370.625,-1,15,0,0,1,806.989
2,1772906902257,trial_success,running,17,52,1,3,5,260,AREA,S,TIGHT,141,359.625,15,15,1,0,1,830.232
2,1772906902257,block_end,running,17,52,1,3,5,260,AREA,S,TIGHT,,,,15,,0,1,830.232
2,1772906902257,rest_screen,rest,17,52,1,3,5,260,AREA,S,TIGHT,,,,-1,,0,1,830.232
2,1772906902680,block_start,running,17,53,2,3,0,260,AREA,S,TIGHT,,,,-1,,0,1,830.232
2,1772906902680,trial_start,running,17,53,2,3,1,261,AREA,S,TIGHT,,,,2,,0,0,0
2,1772906903518,trial_success,running,17,53,2,3,1,261,AREA,S,TIGHT,752,77.625,2,2,1,0,0,456.244
2,1772906903518,trial_start,running,17,53,2,3,2,262,AREA,S,TIGHT,,,,20,,0,0,0
2,1772906904244,trial_success,running,17,53,2,3,2,262,AREA,S,TIGHT,904,170.625,20,20,1,0,0,423.521
2,1772906904244,trial_start,running,17,53,2,3,3,263,AREA,S,TIGHT,,,,15,,0,0,0
2,1772906904936,trial_success,running,17,53,2,3,3,263,AREA,S,TIGHT,355,136.625,15,15,1,0,0,583.471
2,1772906904936,trial_start,running,17,53,2,3,4,264,AREA,S,TIGHT,,,,17,,0,0,0
2,1772906905784,trial_success,running,17,53,2,3,4,264,AREA,S,TIGHT,154,453.625,17,17,1,0,0,475.848
2,1772906905784,trial_start,running,17,53,2,3,5,265,AREA,S,TIGHT,,,,5,,0,0,0
2,1772906906522,trial_success,running,17,53,2,3,5,265,AREA,S,TIGHT,544,51.625,5,5,1,0,0,621.563
2,1772906906522,block_end,running,17,53,2,3,5,265,AREA,S,TIGHT,,,,5,,0,0,621.563
2,1772906906522,rest_screen,rest,17,53,2,3,5,265,AREA,S,TIGHT,,,,-1,,0,0,621.563
2,1772906906979,block_start,running,17,54,3,3,0,265,AREA,S,TIGHT,,,,-1,,0,0,621.563
2,1772906906979,trial_start,running,17,54,3,3,1,266,AREA,S,TIGHT,,,,4,,0,0,0
2,1772906907794,trial_success,running,17,54,3,3,1,266,AREA,S,TIGHT,886,254.625,4,4,1,0,0,440.181
2,1772906907795,trial_start,running,17,54,3,3,2,267,AREA,S,TIGHT,,,,10,,0,0,0
2,1772906908422,trial_success,running,17,54,3,3,2,267,AREA,S,TIGHT,386,154.625,10,10,1,0,0,624.496
2,1772906908422,trial_start,running,17,54,3,3,3,268,AREA,S,TIGHT,,,,13,,0,0,0
2,1772906908970,trial_error_click,running,17,54,3,3,3,268,AREA,S,TIGHT,467,235.625,-1,13,0,0,1,143.726
2,1772906909194,trial_error_click,running,17,54,3,3,3,268,AREA,S,TIGHT,471,241.625,-1,13,0,0,2,153.14
2,1772906909490,trial_error_click,running,17,54,3,3,3,268,AREA,S,TIGHT,475,245.625,-1,13,0,0,3,160.554
2,1772906909712,trial_success,running,17,54,3,3,3,268,AREA,S,TIGHT,479,247.625,13,13,1,0,3,166.554
2,1772906909712,trial_start,running,17,54,3,3,4,269,AREA,S,TIGHT,,,,3,,0,0,0
2,1772906910405,trial_error_click,running,17,54,3,3,4,269,AREA,S,TIGHT,384,41.625,-1,3,0,0,1,238.086
2,1772906910696,trial_success,running,17,54,3,3,4,269,AREA,S,TIGHT,366,35.625,3,3,1,0,1,258.979
2,1772906910696,trial_start,running,17,54,3,3,5,270,AREA,S,TIGHT,,,,17,,0,0,0
2,1772906911561,trial_success,running,17,54,3,3,5,270,AREA,S,TIGHT,25,406.625,17,17,1,0,0,811.541
2,1772906911561,block_end,running,17,54,3,3,5,270,AREA,S,TIGHT,,,,17,,0,0,811.541
2,1772906911562,rest_screen,rest,17,54,3,3,5,270,AREA,S,TIGHT,,,,-1,,0,0,811.541
2,1772906912015,block_start,running,18,55,1,3,0,270,BUBBLE,L,TIGHT,,,,-1,,0,0,811.541
2,1772906912015,trial_start,running,18,55,1,3,1,271,BUBBLE,L,TIGHT,,,,5,,0,0,0
2,1772906912617,trial_success,running,18,55,1,3,1,271,BUBBLE,L,TIGHT,378,268.625,5,5,1,0,0,226.621
2,1772906912617,trial_start,running,18,55,1,3,2,272,BUBBLE,L,TIGHT,,,,4,,0,0,0
2,1772906913275,trial_success,running,18,55,1,3,2,272,BUBBLE,L,TIGHT,347,118.625,4,4,1,0,0,242.223
2,1772906913276,trial_start,running,18,55,1,3,3,273,BUBBLE,L,TIGHT,,,,17,,0,0,0
2,1772906913859,trial_success,running,18,55,1,3,3,273,BUBBLE,L,TIGHT,293,213.625,17,17,1,0,0,304.884
2,1772906913859,trial_start,running,18,55,1,3,4,274,BUBBLE,L,TIGHT,,,,8,,0,0,0
2,1772906914421,trial_success,running,18,55,1,3,4,274,BUBBLE,L,TIGHT,234,66.625,8,8,1,0,0,373.889
2,1772906914422,trial_start,running,18,55,1,3,5,275,BUBBLE,L,TIGHT,,,,10,,0,0,0
2,1772906915119,trial_success,running,18,55,1,3,5,275,BUBBLE,L,TIGHT,124,435.625,10,10,1,0,0,450.984
2,1772906915119,block_end,running,18,55,1,3,5,275,BUBBLE,L,TIGHT,,,,10,,0,0,450.984
2,1772906915119,rest_screen,rest,18,55,1,3,5,275,BUBBLE,L,TIGHT,,,,-1,,0,0,450.984
2,1772906915580,block_start,running,18,56,2,3,0,275,BUBBLE,L,TIGHT,,,,-1,,0,0,450.984
2,1772906915580,trial_start,running,18,56,2,3,1,276,BUBBLE,L,TIGHT,,,,21,,0,0,0
2,1772906916242,trial_success,running,18,56,2,3,1,276,BUBBLE,L,TIGHT,260,254.625,21,21,1,0,0,393.542
2,1772906916243,trial_start,running,18,56,2,3,2,277,BUBBLE,L,TIGHT,,,,17,,0,0,0
2,1772906916883,trial_success,running,18,56,2,3,2,277,BUBBLE,L,TIGHT,664,151.625,17,17,1,0,0,528.537
2,1772906916884,trial_start,running,18,56,2,3,3,278,BUBBLE,L,TIGHT,,,,6,,0,0,0
2,1772906917469,trial_success,running,18,56,2,3,3,278,BUBBLE,L,TIGHT,246,431.625,6,6,1,0,0,576.083
2,1772906917469,trial_start,running,18,56,2,3,4,279,BUBBLE,L,TIGHT,,,,25,,0,0,0
2,1772906918070,trial_success,running,18,56,2,3,4,279,BUBBLE,L,TIGHT,575,366.625,25,25,1,0,0,443.897
2,1772906918070,trial_start,running,18,56,2,3,5,280,BUBBLE,L,TIGHT,,,,27,,0,0,0
2,1772906918655,trial_success,running,18,56,2,3,5,280,BUBBLE,L,TIGHT,562,151.625,27,27,1,0,0,288.123
2,1772906918655,block_end,running,18,56,2,3,5,280,BUBBLE,L,TIGHT,,,,27,,0,0,288.123
2,1772906918656,rest_screen,rest,18,56,2,3,5,280,BUBBLE,L,TIGHT,,,,-1,,0,0,288.123
2,1772906919083,block_start,running,18,57,3,3,0,280,BUBBLE,L,TIGHT,,,,-1,,0,0,288.123
2,1772906919083,trial_start,running,18,57,3,3,1,281,BUBBLE,L,TIGHT,,,,19,,0,0,0
2,1772906919776,trial_success,running,18,57,3,3,1,281,BUBBLE,L,TIGHT,257,276.625,19,19,1,0,0,227.251
2,1772906919776,trial_start,running,18,57,3,3,2,282,BUBBLE,L,TIGHT,,,,26,,0,0,0
2,1772906920317,trial_success,running,18,57,3,3,2,282,BUBBLE,L,TIGHT,103,381.625,26,26,1,0,0,205.78
2,1772906920318,trial_start,running,18,57,3,3,3,283,BUBBLE,L,TIGHT,,,,29,,0,0,0
2,1772906920854,trial_success,running,18,57,3,3,3,283,BUBBLE,L,TIGHT,586,414.625,29,29,1,0,0,539.991
2,1772906920854,trial_start,running,18,57,3,3,4,284,BUBBLE,L,TIGHT,,,,26,,0,0,0
2,1772906921028,trial_error_click,running,18,57,3,3,4,284,BUBBLE,L,TIGHT,606,413.625,29,26,0,1,0,20.236
2,1772906921507,trial_success,running,18,57,3,3,4,284,BUBBLE,L,TIGHT,117,407.625,26,26,1,1,0,522.634
2,1772906921507,trial_start,running,18,57,3,3,5,285,BUBBLE,L,TIGHT,,,,2,,0,0,0
2,1772906922077,trial_success,running,18,57,3,3,5,285,BUBBLE,L,TIGHT,122,251.625,2,2,1,0,0,217.961
2,1772906922077,block_end,running,18,57,3,3,5,285,BUBBLE,L,TIGHT,,,,2,,0,0,217.961
2,1772906922078,rest_screen,rest,18,57,3,3,5,285,BUBBLE,L,TIGHT,,,,-1,,0,0,217.961
2,1772906922415,block_start,running,19,58,1,3,0,285,BUBBLE,S,MED,,,,-1,,0,0,217.961
2,1772906922415,trial_start,running,19,58,1,3,1,286,BUBBLE,S,MED,,,,7,,0,0,0
2,1772906923292,trial_success,running,19,58,1,3,1,286,BUBBLE,S,MED,223,427.625,7,7,1,0,0,392.955
2,1772906923292,trial_start,running,19,58,1,3,2,287,BUBBLE,S,MED,,,,2,,0,0,0
2,1772906923916,trial_success,running,19,58,1,3,2,287,BUBBLE,S,MED,57,301.625,2,2,1,0,0,301
2,1772906923916,trial_start,running,19,58,1,3,3,288,BUBBLE,S,MED,,,,5,,0,0,0
2,1772906924496,trial_success,running,19,58,1,3,3,288,BUBBLE,S,MED,261,462.625,5,5,1,0,0,333.271
2,1772906924496,trial_start,running,19,58,1,3,4,289,BUBBLE,S,MED,,,,22,,0,0,0
2,1772906925085,trial_success,running,19,58,1,3,4,289,BUBBLE,S,MED,639,199.625,22,22,1,0,0,502.629
2,1772906925085,trial_start,running,19,58,1,3,5,290,BUBBLE,S,MED,,,,16,,0,0,0
2,1772906925727,trial_success,running,19,58,1,3,5,290,BUBBLE,S,MED,458,96.625,16,16,1,0,0,231.985
2,1772906925727,block_end,running,19,58,1,3,5,290,BUBBLE,S,MED,,,,16,,0,0,231.985
2,1772906925727,rest_screen,rest,19,58,1,3,5,290,BUBBLE,S,MED,,,,-1,,0,0,231.985
2,1772906926137,block_start,running,19,59,2,3,0,290,BUBBLE,S,MED,,,,-1,,0,0,231.985
2,1772906926137,trial_start,running,19,59,2,3,1,291,BUBBLE,S,MED,,,,20,,0,0,0
2,1772906926918,trial_success,running,19,59,2,3,1,291,BUBBLE,S,MED,329,150.625,20,20,1,0,0,358.536
2,1772906926918,trial_start,running,19,59,2,3,2,292,BUBBLE,S,MED,,,,6,,0,0,0
2,1772906927474,trial_success,running,19,59,2,3,2,292,BUBBLE,S,MED,737,193.625,6,6,1,0,0,435.06
2,1772906927474,trial_start,running,19,59,2,3,3,293,BUBBLE,S,MED,,,,23,,0,0,0
2,1772906928232,trial_success,running,19,59,2,3,3,293,BUBBLE,S,MED,279,105.625,23,23,1,0,0,543.968
2,1772906928232,trial_start,running,19,59,2,3,4,294,BUBBLE,S,MED,,,,14,,0,0,0
2,1772906928813,trial_success,running,19,59,2,3,4,294,BUBBLE,S,MED,210,171.625,14,14,1,0,0,399.42
2,1772906928813,trial_start,running,19,59,2,3,5,295,BUBBLE,S,MED,,,,12,,0,0,0
2,1772906929580,trial_success,running,19,59,2,3,5,295,BUBBLE,S,MED,705,322.625,12,12,1,0,0,557.214
2,1772906929580,block_end,running,19,59,2,3,5,295,BUBBLE,S,MED,,,,12,,0,0,557.214
2,1772906929580,rest_screen,rest,19,59,2,3,5,295,BUBBLE,S,MED,,,,-1,,0,0,557.214
2,1772906930023,block_start,running,19,60,3,3,0,295,BUBBLE,S,MED,,,,-1,,0,0,557.214
2,1772906930023,trial_start,running,19,60,3,3,1,296,BUBBLE,S,MED,,,,3,,0,0,0
2,1772906930703,trial_success,running,19,60,3,3,1,296,BUBBLE,S,MED,69,290.625,3,3,1,0,0,339.773
2,1772906930703,trial_start,running,19,60,3,3,2,297,BUBBLE,S,MED,,,,23,,0,0,0
2,1772906931477,trial_success,running,19,60,3,3,2,297,BUBBLE,S,MED,885,410.625,23,23,1,0,0,873.613
2,1772906931477,trial_start,running,19,60,3,3,3,298,BUBBLE,S,MED,,,,22,,0,0,0
2,1772906932160,trial_success,running,19,60,3,3,3,298,BUBBLE,S,MED,326,84.625,22,22,1,0,0,662.447
2,1772906932160,trial_start,running,19,60,3,3,4,299,BUBBLE,S,MED,,,,21,,0,0,0
2,1772906932825,trial_success,running,19,60,3,3,4,299,BUBBLE,S,MED,170,419.625,21,21,1,0,0,491.849
2,1772906932826,trial_start,running,19,60,3,3,5,300,BUBBLE,S,MED,,,,18,,0,0,0
2,1772906933529,trial_success,running,19,60,3,3,5,300,BUBBLE,S,MED,222,110.625,18,18,1,0,0,713.578
2,1772906933529,block_end,running,19,60,3,3,5,300,BUBBLE,S,MED,,,,18,,0,0,713.578
2,1772906933529,rest_screen,rest,19,60,3,3,5,300,BUBBLE,S,MED,,,,-1,,0,0,713.578
2,1772906933890,block_start,running,20,61,1,3,0,300,BUBBLE,M,LOOSE,,,,-1,,0,0,713.578
2,1772906933890,trial_start,running,20,61,1,3,1,301,BUBBLE,M,LOOSE,,,,22,,0,0,0
2,1772906934683,trial_success,running,20,61,1,3,1,301,BUBBLE,M,LOOSE,793,85.625,22,22,1,0,0,493.685
2,1772906934683,trial_start,running,20,61,1,3,2,302,BUBBLE,M,LOOSE,,,,26,,0,0,0
2,1772906935354,trial_success,running,20,61,1,3,2,302,BUBBLE,M,LOOSE,42,304.625,26,26,1,0,0,810.173
2,1772906935354,trial_start,running,20,61,1,3,3,303,BUBBLE,M,LOOSE,,,,5,,0,0,0
2,1772906935907,trial_success,running,20,61,1,3,3,303,BUBBLE,M,LOOSE,408,346.625,5,5,1,0,0,634.575
2,1772906935907,trial_start,running,20,61,1,3,4,304,BUBBLE,M,LOOSE,,,,10,,0,0,0
2,1772906936434,trial_success,running,20,61,1,3,4,304,BUBBLE,M,LOOSE,603,212.625,10,10,1,0,0,244.216
2,1772906936434,trial_start,running,20,61,1,3,5,305,BUBBLE,M,LOOSE,,,,22,,0,0,0
2,1772906936966,trial_success,running,20,61,1,3,5,305,BUBBLE,M,LOOSE,804,92.625,22,22,1,0,0,322.262
2,1772906936966,block_end,running,20,61,1,3,5,305,BUBBLE,M,LOOSE,,,,22,,0,0,322.262
2,1772906936966,rest_screen,rest,20,61,1,3,5,305,BUBBLE,M,LOOSE,,,,-1,,0,0,322.262
2,1772906937352,block_start,running,20,62,2,3,0,305,BUBBLE,M,LOOSE,,,,-1,,0,0,322.262
2,1772906937352,trial_start,running,20,62,2,3,1,306,BUBBLE,M,LOOSE,,,,22,,0,0,0
2,1772906937924,trial_success,running,20,62,2,3,1,306,BUBBLE,M,LOOSE,346,172.625,22,22,1,0,0,128.63
2,1772906937924,trial_start,running,20,62,2,3,2,307,BUBBLE,M,LOOSE,,,,3,,0,0,0
2,1772906938520,trial_success,running,20,62,2,3,2,307,BUBBLE,M,LOOSE,826,273.625,3,3,1,0,0,583.544
2,1772906938520,trial_start,running,20,62,2,3,3,308,BUBBLE,M,LOOSE,,,,1,,0,0,0
2,1772906939058,trial_success,running,20,62,2,3,3,308,BUBBLE,M,LOOSE,206,191.625,1,1,1,0,0,675.401
2,1772906939058,trial_start,running,20,62,2,3,4,309,BUBBLE,M,LOOSE,,,,2,,0,0,0
2,1772906939532,trial_success,running,20,62,2,3,4,309,BUBBLE,M,LOOSE,566,148.625,2,2,1,0,0,372.554
2,1772906939532,trial_start,running,20,62,2,3,5,310,BUBBLE,M,LOOSE,,,,28,,0,0,0
2,1772906940114,trial_success,running,20,62,2,3,5,310,BUBBLE,M,LOOSE,118,384.625,28,28,1,0,0,526.86
2,1772906940114,block_end,running,20,62,2,3,5,310,BUBBLE,M,LOOSE,,,,28,,0,0,526.86
2,1772906940114,rest_screen,rest,20,62,2,3,5,310,BUBBLE,M,LOOSE,,,,-1,,0,0,526.86
2,1772906940543,block_start,running,20,63,3,3,0,310,BUBBLE,M,LOOSE,,,,-1,,0,0,526.86
2,1772906940543,trial_start,running,20,63,3,3,1,311,BUBBLE,M,LOOSE,,,,1,,0,0,0
2,1772906941151,trial_success,running,20,63,3,3,1,311,BUBBLE,M,LOOSE,217,344.625,1,1,1,0,0,255.95
2,1772906941151,trial_start,running,20,63,3,3,2,312,BUBBLE,M,LOOSE,,,,16,,0,0,0
2,1772906941845,trial_success,running,20,63,3,3,2,312,BUBBLE,M,LOOSE,797,344.625,16,16,1,0,0,589.944
2,1772906941845,trial_start,running,20,63,3,3,3,313,BUBBLE,M,LOOSE,,,,15,,0,0,0
2,1772906942547,trial_success,running,20,63,3,3,3,313,BUBBLE,M,LOOSE,35,230.625,15,15,1,0,0,779.44
2,1772906942547,trial_start,running,20,63,3,3,4,314,BUBBLE,M,LOOSE,,,,26,,0,0,0
2,1772906943174,trial_success,running,20,63,3,3,4,314,BUBBLE,M,LOOSE,144,310.625,26,26,1,0,0,792.23
2,1772906943174,trial_start,running,20,63,3,3,5,315,BUBBLE,M,LOOSE,,,,14,,0,0,0
2,1772906943759,trial_success,running,20,63,3,3,5,315,BUBBLE,M,LOOSE,729,413.625,14,14,1,0,0,613.207
2,1772906943759,block_end,running,20,63,3,3,5,315,BUBBLE,M,LOOSE,,,,14,,0,0,613.207
2,1772906943759,rest_screen,rest,20,63,3,3,5,315,BUBBLE,M,LOOSE,,,,-1,,0,0,613.207
2,1772906944171,block_start,running,21,64,1,3,0,315,BUBBLE,S,LOOSE,,,,-1,,0,0,613.207
2,1772906944171,trial_start,running,21,64,1,3,1,316,BUBBLE,S,LOOSE,,,,4,,0,0,0
2,1772906945213,trial_success,running,21,64,1,3,1,316,BUBBLE,S,LOOSE,806,466.625,4,4,1,0,0,891.704
2,1772906945213,trial_start,running,21,64,1,3,2,317,BUBBLE,S,LOOSE,,,,19,,0,0,0
2,1772906945935,trial_success,running,21,64,1,3,2,317,BUBBLE,S,LOOSE,549,142.625,19,19,1,0,0,437.805
2,1772906945935,trial_start,running,21,64,1,3,3,318,BUBBLE,S,LOOSE,,,,27,,0,0,0
2,1772906946589,trial_success,running,21,64,1,3,3,318,BUBBLE,S,LOOSE,39,373.625,27,27,1,0,0,597.053
2,1772906946589,trial_start,running,21,64,1,3,4,319,BUBBLE,S,LOOSE,,,,2,,0,0,0
2,1772906947221,trial_success,running,21,64,1,3,4,319,BUBBLE,S,LOOSE,522,390.625,2,2,1,0,0,500.002
2,1772906947221,trial_start,running,21,64,1,3,5,320,BUBBLE,S,LOOSE,,,,0,,0,0,0
2,1772906947881,trial_success,running,21,64,1,3,5,320,BUBBLE,S,LOOSE,887,439.625,0,0,1,0,0,622.188
2,1772906947881,block_end,running,21,64,1,3,5,320,BUBBLE,S,LOOSE,,,,0,,0,0,622.188
2,1772906947881,rest_screen,rest,21,64,1,3,5,320,BUBBLE,S,LOOSE,,,,-1,,0,0,622.188
2,1772906948248,block_start,running,21,65,2,3,0,320,BUBBLE,S,LOOSE,,,,-1,,0,0,622.188
2,1772906948248,trial_start,running,21,65,2,3,1,321,BUBBLE,S,LOOSE,,,,25,,0,0,0
2,1772906948818,trial_success,running,21,65,2,3,1,321,BUBBLE,S,LOOSE,309,230.625,25,25,1,0,0,297.609
2,1772906948818,trial_start,running,21,65,2,3,2,322,BUBBLE,S,LOOSE,,,,3,,0,0,0
2,1772906949523,trial_success,running,21,65,2,3,2,322,BUBBLE,S,LOOSE,569,362.625,3,3,1,0,0,685.671
2,1772906949523,trial_start,running,21,65,2,3,3,323,BUBBLE,S,LOOSE,,,,16,,0,0,0
2,1772906950106,trial_success,running,21,65,2,3,3,323,BUBBLE,S,LOOSE,440,148.625,16,16,1,0,0,496.833
2,1772906950106,trial_start,running,21,65,2,3,4,324,BUBBLE,S,LOOSE,,,,24,,0,0,0
2,1772906950579,trial_success,running,21,65,2,3,4,324,BUBBLE,S,LOOSE,356,263.625,24,24,1,0,0,230.088
2,1772906950579,trial_start,running,21,65,2,3,5,325,BUBBLE,S,LOOSE,,,,2,,0,0,0
2,1772906951137,trial_success,running,21,65,2,3,5,325,BUBBLE,S,LOOSE,600,408.625,2,2,1,0,0,323.576
2,1772906951137,block_end,running,21,65,2,3,5,325,BUBBLE,S,LOOSE,,,,2,,0,0,323.576
2,1772906951137,rest_screen,rest,21,65,2,3,5,325,BUBBLE,S,LOOSE,,,,-1,,0,0,323.576
2,1772906951540,block_start,running,21,66,3,3,0,325,BUBBLE,S,LOOSE,,,,-1,,0,0,323.576
2,1772906951540,trial_start,running,21,66,3,3,1,326,BUBBLE,S,LOOSE,,,,15,,0,0,0
2,1772906952107,trial_success,running,21,66,3,3,1,326,BUBBLE,S,LOOSE,299,249.625,15,15,1,0,0,352.399
2,1772906952107,trial_start,running,21,66,3,3,2,327,BUBBLE,S,LOOSE,,,,24,,0,0,0
2,1772906952904,trial_success,running,21,66,3,3,2,327,BUBBLE,S,LOOSE,899,213.625,24,24,1,0,0,606.367
2,1772906952904,trial_start,running,21,66,3,3,3,328,BUBBLE,S,LOOSE,,,,4,,0,0,0
2,1772906953640,trial_success,running,21,66,3,3,3,328,BUBBLE,S,LOOSE,628,41.625,4,4,1,0,0,969.21
2,1772906953640,trial_start,running,21,66,3,3,4,329,BUBBLE,S,LOOSE,,,,7,,0,0,0
2,1772906954307,trial_success,running,21,66,3,3,4,329,BUBBLE,S,LOOSE,881,311.625,7,7,1,0,0,554.956
2,1772906954307,trial_start,running,21,66,3,3,5,330,BUBBLE,S,LOOSE,,,,24,,0,0,0
2,1772906954942,trial_success,running,21,66,3,3,5,330,BUBBLE,S,LOOSE,881,210.625,24,24,1,0,0,903.906
2,1772906954942,block_end,running,21,66,3,3,5,330,BUBBLE,S,LOOSE,,,,24,,0,0,903.906
2,1772906954942,rest_screen,rest,21,66,3,3,5,330,BUBBLE,S,LOOSE,,,,-1,,0,0,903.906
2,1772906955271,block_start,running,22,67,1,3,0,330,BUBBLE,L,LOOSE,,,,-1,,0,0,903.906
2,1772906955271,trial_start,running,22,67,1,3,1,331,BUBBLE,L,LOOSE,,,,15,,0,0,0
2,1772906955855,trial_success,running,22,67,1,3,1,331,BUBBLE,L,LOOSE,228,326.625,15,15,1,0,0,244.289
2,1772906955855,trial_start,running,22,67,1,3,2,332,BUBBLE,L,LOOSE,,,,16,,0,0,0
2,1772906956632,trial_success,running,22,67,1,3,2,332,BUBBLE,L,LOOSE,790,267.625,16,16,1,0,0,576.838
2,1772906956632,trial_start,running,22,67,1,3,3,333,BUBBLE,L,LOOSE,,,,8,,0,0,0
2,1772906957249,trial_success,running,22,67,1,3,3,333,BUBBLE,L,LOOSE,426,208.625,8,8,1,0,0,375.081
2,1772906957249,trial_start,running,22,67,1,3,4,334,BUBBLE,L,LOOSE,,,,26,,0,0,0
2,1772906957825,trial_success,running,22,67,1,3,4,334,BUBBLE,L,LOOSE,425,404.625,26,26,1,0,0,382.28
2,1772906957825,trial_start,running,22,67,1,3,5,335,BUBBLE,L,LOOSE,,,,5,,0,0,0
2,1772906958448,trial_success,running,22,67,1,3,5,335,BUBBLE,L,LOOSE,298,407.625,5,5,1,0,0,444.542
2,1772906958448,block_end,running,22,67,1,3,5,335,BUBBLE,L,LOOSE,,,,5,,0,0,444.542
2,1772906958448,rest_screen,rest,22,67,1,3,5,335,BUBBLE,L,LOOSE,,,,-1,,0,0,444.542
2,1772906958818,block_start,running,22,68,2,3,0,335,BUBBLE,L,LOOSE,,,,-1,,0,0,444.542
2,1772906958818,trial_start,running,22,68,2,3,1,336,BUBBLE,L,LOOSE,,,,18,,0,0,0
2,1772906959420,trial_success,running,22,68,2,3,1,336,BUBBLE,L,LOOSE,380,68.625,18,18,1,0,0,255.331
2,1772906959420,trial_start,running,22,68,2,3,2,337,BUBBLE,L,LOOSE,,,,7,,0,0,0
2,1772906959937,trial_success,running,22,68,2,3,2,337,BUBBLE,L,LOOSE,359,379.625,7,7,1,0,0,371.288
2,1772906959938,trial_start,running,22,68,2,3,3,338,BUBBLE,L,LOOSE,,,,26,,0,0,0
2,1772906960491,trial_success,running,22,68,2,3,3,338,BUBBLE,L,LOOSE,74,376.625,26,26,1,0,0,363.777
2,1772906960491,trial_start,running,22,68,2,3,4,339,BUBBLE,L,LOOSE,,,,29,,0,0,0
2,1772906961090,trial_success,running,22,68,2,3,4,339,BUBBLE,L,LOOSE,728,454.625,29,29,1,0,0,677.706
2,1772906961090,trial_start,running,22,68,2,3,5,340,BUBBLE,L,LOOSE,,,,6,,0,0,0
2,1772906961643,trial_success,running,22,68,2,3,5,340,BUBBLE,L,LOOSE,496,39.625,6,6,1,0,0,490.229
2,1772906961643,block_end,running,22,68,2,3,5,340,BUBBLE,L,LOOSE,,,,6,,0,0,490.229
2,1772906961643,rest_screen,rest,22,68,2,3,5,340,BUBBLE,L,LOOSE,,,,-1,,0,0,490.229
2,1772906961994,block_start,running,22,69,3,3,0,340,BUBBLE,L,LOOSE,,,,-1,,0,0,490.229
2,1772906961994,trial_start,running,22,69,3,3,1,341,BUBBLE,L,LOOSE,,,,9,,0,0,0
2,1772906962626,trial_success,running,22,69,3,3,1,341,BUBBLE,L,LOOSE,703,187.625,9,9,1,0,0,347.246
2,1772906962626,trial_start,running,22,69,3,3,2,342,BUBBLE,L,LOOSE,,,,25,,0,0,0
2,1772906963197,trial_success,running,22,69,3,3,2,342,BUBBLE,L,LOOSE,306,229.625,25,25,1,0,0,461.516
2,1772906963197,trial_start,running,22,69,3,3,3,343,BUBBLE,L,LOOSE,,,,24,,0,0,0
2,1772906963702,trial_success,running,22,69,3,3,3,343,BUBBLE,L,LOOSE,231,393.625,24,24,1,0,0,210.236
2,1772906963702,trial_start,running,22,69,3,3,4,344,BUBBLE,L,LOOSE,,,,9,,0,0,0
2,1772906964344,trial_success,running,22,69,3,3,4,344,BUBBLE,L,LOOSE,711,194.625,9,9,1,0,0,582.899
2,1772906964345,trial_start,running,22,69,3,3,5,345,BUBBLE,L,LOOSE,,,,10,,0,0,0
2,1772906964853,trial_success,running,22,69,3,3,5,345,BUBBLE,L,LOOSE,522,74.625,10,10,1,0,0,232.528
2,1772906964853,block_end,running,22,69,3,3,5,345,BUBBLE,L,LOOSE,,,,10,,0,0,232.528
2,1772906964854,rest_screen,rest,22,69,3,3,5,345,BUBBLE,L,LOOSE,,,,-1,,0,0,232.528
2,1772906965280,block_start,running,23,70,1,3,0,345,BUBBLE,M,MED,,,,-1,,0,0,232.528
2,1772906965280,trial_start,running,23,70,1,3,1,346,BUBBLE,M,MED,,,,0,,0,0,0
2,1772906965811,trial_success,running,23,70,1,3,1,346,BUBBLE,M,MED,499,268.625,0,0,1,0,0,150.812
2,1772906965811,trial_start,running,23,70,1,3,2,347,BUBBLE,M,MED,,,,26,,0,0,0
2,1772906966469,trial_success,running,23,70,1,3,2,347,BUBBLE,M,MED,24,461.625,26,26,1,0,0,534.835
2,1772906966469,trial_start,running,23,70,1,3,3,348,BUBBLE,M,MED,,,,0,,0,0,0
2,1772906967089,trial_success,running,23,70,1,3,3,348,BUBBLE,M,MED,563,260.625,0,0,1,0,0,624.395
2,1772906967089,trial_start,running,23,70,1,3,4,349,BUBBLE,M,MED,,,,7,,0,0,0
2,1772906967584,trial_success,running,23,70,1,3,4,349,BUBBLE,M,MED,400,167.625,7,7,1,0,0,194.131
2,1772906967584,trial_start,running,23,70,1,3,5,350,BUBBLE,M,MED,,,,25,,0,0,0
2,1772906968041,trial_success,running,23,70,1,3,5,350,BUBBLE,M,MED,536,49.625,25,25,1,0,0,214.908
2,1772906968041,block_end,running,23,70,1,3,5,350,BUBBLE,M,MED,,,,25,,0,0,214.908
2,1772906968041,rest_screen,rest,23,70,1,3,5,350,BUBBLE,M,MED,,,,-1,,0,0,214.908
2,1772906968418,block_start,running,23,71,2,3,0,350,BUBBLE,M,MED,,,,-1,,0,0,214.908
2,1772906968418,trial_start,running,23,71,2,3,1,351,BUBBLE,M,MED,,,,19,,0,0,0
2,1772906969332,trial_success,running,23,71,2,3,1,351,BUBBLE,M,MED,735,124.625,19,19,1,0,0,243.563
2,1772906969333,trial_start,running,23,71,2,3,2,352,BUBBLE,M,MED,,,,0,,0,0,0
2,1772906970039,trial_success,running,23,71,2,3,2,352,BUBBLE,M,MED,197,139.625,0,0,1,0,0,593.367
2,1772906970039,trial_start,running,23,71,2,3,3,353,BUBBLE,M,MED,,,,11,,0,0,0
2,1772906970602,trial_success,running,23,71,2,3,3,353,BUBBLE,M,MED,507,406.625,11,11,1,0,0,425.152
2,1772906970603,trial_start,running,23,71,2,3,4,354,BUBBLE,M,MED,,,,5,,0,0,0
2,1772906971063,trial_success,running,23,71,2,3,4,354,BUBBLE,M,MED,559,169.625,5,5,1,0,0,256.096
2,1772906971063,trial_start,running,23,71,2,3,5,355,BUBBLE,M,MED,,,,24,,0,0,0
2,1772906971658,trial_success,running,23,71,2,3,5,355,BUBBLE,M,MED,849,215.625,24,24,1,0,0,408.06
2,1772906971658,block_end,running,23,71,2,3,5,355,BUBBLE,M,MED,,,,24,,0,0,408.06
2,1772906971658,rest_screen,rest,23,71,2,3,5,355,BUBBLE,M,MED,,,,-1,,0,0,408.06
2,1772906972398,block_start,running,23,72,3,3,0,355,BUBBLE,M,MED,,,,-1,,0,0,408.06
2,1772906972398,trial_start,running,23,72,3,3,1,356,BUBBLE,M,MED,,,,7,,0,0,0
2,1772906972979,trial_success,running,23,72,3,3,1,356,BUBBLE,M,MED,832,119.625,7,7,1,0,0,273.701
2,1772906972979,trial_start,running,23,72,3,3,2,357,BUBBLE,M,MED,,,,1,,0,0,0
2,1772906973538,trial_success,running,23,72,3,3,2,357,BUBBLE,M,MED,573,233.625,1,1,1,0,0,308.419
2,1772906973538,trial_start,running,23,72,3,3,3,358,BUBBLE,M,MED,,,,5,,0,0,0
2,1772906974088,trial_success,running,23,72,3,3,3,358,BUBBLE,M,MED,702,459.625,5,5,1,0,0,315.393
2,1772906974088,trial_start,running,23,72,3,3,4,359,BUBBLE,M,MED,,,,8,,0,0,0
2,1772906974606,trial_success,running,23,72,3,3,4,359,BUBBLE,M,MED,776,182.625,8,8,1,0,0,301.413
2,1772906974606,trial_start,running,23,72,3,3,5,360,BUBBLE,M,MED,,,,13,,0,0,0
2,1772906975278,trial_success,running,23,72,3,3,5,360,BUBBLE,M,MED,160,47.625,13,13,1,0,0,697.18
2,1772906975278,block_end,running,23,72,3,3,5,360,BUBBLE,M,MED,,,,13,,0,0,697.18
2,1772906975279,rest_screen,rest,23,72,3,3,5,360,BUBBLE,M,MED,,,,-1,,0,0,697.18
2,1772906975667,block_start,running,24,73,1,3,0,360,BUBBLE,S,TIGHT,,,,-1,,0,0,697.18
2,1772906975667,trial_start,running,24,73,1,3,1,361,BUBBLE,S,TIGHT,,,,26,,0,0,0
2,1772906976591,trial_success,running,24,73,1,3,1,361,BUBBLE,S,TIGHT,163,43.625,26,26,1,0,0,551.554
2,1772906976591,trial_start,running,24,73,1,3,2,362,BUBBLE,S,TIGHT,,,,17,,0,0,0
2,1772906977276,trial_success,running,24,73,1,3,2,362,BUBBLE,S,TIGHT,513,435.625,17,17,1,0,0,617.145
2,1772906977276,trial_start,running,24,73,1,3,3,363,BUBBLE,S,TIGHT,,,,1,,0,0,0
2,1772906977895,trial_success,running,24,73,1,3,3,363,BUBBLE,S,TIGHT,162,360.625,1,1,1,0,0,633.581
2,1772906977895,trial_start,running,24,73,1,3,4,364,BUBBLE,S,TIGHT,,,,6,,0,0,0
2,1772906978397,trial_success,running,24,73,1,3,4,364,BUBBLE,S,TIGHT,626,367.625,6,6,1,0,0,476.682
2,1772906978397,trial_start,running,24,73,1,3,5,365,BUBBLE,S,TIGHT,,,,17,,0,0,0
2,1772906978969,trial_success,running,24,73,1,3,5,365,BUBBLE,S,TIGHT,504,413.625,17,17,1,0,0,218.054
2,1772906978969,block_end,running,24,73,1,3,5,365,BUBBLE,S,TIGHT,,,,17,,0,0,218.054
2,1772906978970,rest_screen,rest,24,73,1,3,5,365,BUBBLE,S,TIGHT,,,,-1,,0,0,218.054
2,1772906979319,block_start,running,24,74,2,3,0,365,BUBBLE,S,TIGHT,,,,-1,,0,0,218.054
2,1772906979320,trial_start,running,24,74,2,3,1,366,BUBBLE,S,TIGHT,,,,16,,0,0,0
2,1772906980232,trial_success,running,24,74,2,3,1,366,BUBBLE,S,TIGHT,223,443.625,16,16,1,0,0,717.153
2,1772906980233,trial_start,running,24,74,2,3,2,367,BUBBLE,S,TIGHT,,,,12,,0,0,0
2,1772906980820,trial_success,running,24,74,2,3,2,367,BUBBLE,S,TIGHT,716,215.625,12,12,1,0,0,580.115
2,1772906980820,trial_start,running,24,74,2,3,3,368,BUBBLE,S,TIGHT,,,,22,,0,0,0
2,1772906981446,trial_success,running,24,74,2,3,3,368,BUBBLE,S,TIGHT,467,51.625,22,22,1,0,0,439.545
2,1772906981446,trial_start,running,24,74,2,3,4,369,BUBBLE,S,TIGHT,,,,6,,0,0,0
2,1772906981957,trial_success,running,24,74,2,3,4,369,BUBBLE,S,TIGHT,449,376.625,6,6,1,0,0,353.9
2,1772906981957,trial_start,running,24,74,2,3,5,370,BUBBLE,S,TIGHT,,,,11,,0,0,0
2,1772906982464,trial_success,running,24,74,2,3,5,370,BUBBLE,S,TIGHT,355,304.625,11,11,1,0,0,496.706
2,1772906982464,block_end,running,24,74,2,3,5,370,BUBBLE,S,TIGHT,,,,11,,0,0,496.706
2,1772906982464,rest_screen,rest,24,74,2,3,5,370,BUBBLE,S,TIGHT,,,,-1,,0,0,496.706
2,1772906982806,block_start,running,24,75,3,3,0,370,BUBBLE,S,TIGHT,,,,-1,,0,0,496.706
2,1772906982807,trial_start,running,24,75,3,3,1,371,BUBBLE,S,TIGHT,,,,15,,0,0,0
2,1772906983433,trial_success,running,24,75,3,3,1,371,BUBBLE,S,TIGHT,826,376.625,15,15,1,0,0,356.184
2,1772906983433,trial_start,running,24,75,3,3,2,372,BUBBLE,S,TIGHT,,,,20,,0,0,0
2,1772906984024,trial_success,running,24,75,3,3,2,372,BUBBLE,S,TIGHT,327,249.625,20,20,1,0,0,610.956
2,1772906984024,trial_start,running,24,75,3,3,3,373,BUBBLE,S,TIGHT,,,,23,,0,0,0
2,1772906984546,trial_success,running,24,75,3,3,3,373,BUBBLE,S,TIGHT,184,290.625,23,23,1,0,0,360.641
2,1772906984546,trial_start,running,24,75,3,3,4,374,BUBBLE,S,TIGHT,,,,3,,0,0,0
2,1772906985106,trial_success,running,24,75,3,3,4,374,BUBBLE,S,TIGHT,739,249.625,3,3,1,0,0,620.546
2,1772906985106,trial_start,running,24,75,3,3,5,375,BUBBLE,S,TIGHT,,,,8,,0,0,0
2,1772906985570,trial_success,running,24,75,3,3,5,375,BUBBLE,S,TIGHT,865,305.625,8,8,1,0,0,168.667
2,1772906985570,block_end,running,24,75,3,3,5,375,BUBBLE,S,TIGHT,,,,8,,0,0,168.667
2,1772906985570,rest_screen,rest,24,75,3,3,5,375,BUBBLE,S,TIGHT,,,,-1,,0,0,168.667
2,1772906985955,block_start,running,25,76,1,3,0,375,BUBBLE,L,MED,,,,-1,,0,0,168.667
2,1772906985955,trial_start,running,25,76,1,3,1,376,BUBBLE,L,MED,,,,0,,0,0,0
2,1772906986486,trial_success,running,25,76,1,3,1,376,BUBBLE,L,MED,389,216.625,0,0,1,0,0,167.068
2,1772906986486,trial_start,running,25,76,1,3,2,377,BUBBLE,L,MED,,,,8,,0,0,0
2,1772906986978,trial_success,running,25,76,1,3,2,377,BUBBLE,L,MED,764,344.625,8,8,1,0,0,415.316
2,1772906986978,trial_start,running,25,76,1,3,3,378,BUBBLE,L,MED,,,,18,,0,0,0
2,1772906987639,trial_success,running,25,76,1,3,3,378,BUBBLE,L,MED,117,407.625,18,18,1,0,0,685.297
2,1772906987639,trial_start,running,25,76,1,3,4,379,BUBBLE,L,MED,,,,7,,0,0,0
2,1772906988222,trial_success,running,25,76,1,3,4,379,BUBBLE,L,MED,240,338.625,7,7,1,0,0,622.979
2,1772906988223,trial_start,running,25,76,1,3,5,380,BUBBLE,L,MED,,,,9,,0,0,0
2,1772906988813,trial_success,running,25,76,1,3,5,380,BUBBLE,L,MED,235,90.625,9,9,1,0,0,529.32
2,1772906988813,block_end,running,25,76,1,3,5,380,BUBBLE,L,MED,,,,9,,0,0,529.32
2,1772906988813,rest_screen,rest,25,76,1,3,5,380,BUBBLE,L,MED,,,,-1,,0,0,529.32
2,1772906989184,block_start,running,25,77,2,3,0,380,BUBBLE,L,MED,,,,-1,,0,0,529.32
2,1772906989184,trial_start,running,25,77,2,3,1,381,BUBBLE,L,MED,,,,18,,0,0,0
2,1772906989872,trial_success,running,25,77,2,3,1,381,BUBBLE,L,MED,116,358.625,18,18,1,0,0,518.491
2,1772906989872,trial_start,running,25,77,2,3,2,382,BUBBLE,L,MED,,,,28,,0,0,0
2,1772906990394,trial_success,running,25,77,2,3,2,382,BUBBLE,L,MED,752,282.625,28,28,1,0,0,650.729
2,1772906990394,trial_start,running,25,77,2,3,3,383,BUBBLE,L,MED,,,,2,,0,0,0
2,1772906990955,trial_success,running,25,77,2,3,3,383,BUBBLE,L,MED,459,432.625,2,2,1,0,0,381.967
2,1772906990955,trial_start,running,25,77,2,3,4,384,BUBBLE,L,MED,,,,16,,0,0,0
2,1772906991582,trial_error_click,running,25,77,2,3,4,384,BUBBLE,L,MED,101,399.625,18,16,0,1,0,615.495
2,1772906991877,trial_success,running,25,77,2,3,4,384,BUBBLE,L,MED,60,421.625,16,16,1,1,0,675.808
2,1772906991877,trial_start,running,25,77,2,3,5,385,BUBBLE,L,MED,,,,10,,0,0,0
2,1772906992466,trial_success,running,25,77,2,3,5,385,BUBBLE,L,MED,123,226.625,10,10,1,0,0,799.407
2,1772906992466,block_end,running,25,77,2,3,5,385,BUBBLE,L,MED,,,,10,,0,0,799.407
2,1772906992466,rest_screen,rest,25,77,2,3,5,385,BUBBLE,L,MED,,,,-1,,0,0,799.407
2,1772906992795,block_start,running,25,78,3,3,0,385,BUBBLE,L,MED,,,,-1,,0,0,799.407
2,1772906992795,trial_start,running,25,78,3,3,1,386,BUBBLE,L,MED,,,,5,,0,0,0
2,1772906993425,trial_success,running,25,78,3,3,1,386,BUBBLE,L,MED,133,425.625,5,5,1,0,0,459.574
2,1772906993425,trial_start,running,25,78,3,3,2,387,BUBBLE,L,MED,,,,25,,0,0,0
2,1772906993990,trial_success,running,25,78,3,3,2,387,BUBBLE,L,MED,121,40.625,25,25,1,0,0,817.455
2,1772906993990,trial_start,running,25,78,3,3,3,388,BUBBLE,L,MED,,,,21,,0,0,0
2,1772906994556,trial_success,running,25,78,3,3,3,388,BUBBLE,L,MED,610,400.625,21,21,1,0,0,661.505
2,1772906994556,trial_start,running,25,78,3,3,4,389,BUBBLE,L,MED,,,,27,,0,0,0
2,1772906994967,trial_success,running,25,78,3,3,4,389,BUBBLE,L,MED,521,221.625,27,27,1,0,0,204.523
2,1772906994967,trial_start,running,25,78,3,3,5,390,BUBBLE,L,MED,,,,2,,0,0,0
2,1772906995512,trial_success,running,25,78,3,3,5,390,BUBBLE,L,MED,382,40.625,2,2,1,0,0,560.825
2,1772906995512,block_end,running,25,78,3,3,5,390,BUBBLE,L,MED,,,,2,,0,0,560.825
2,1772906995513,rest_screen,rest,25,78,3,3,5,390,BUBBLE,L,MED,,,,-1,,0,0,560.825
2,1772906995911,block_start,running,26,79,1,3,0,390,BUBBLE,M,TIGHT,,,,-1,,0,0,560.825
2,1772906995912,trial_start,running,26,79,1,3,1,391,BUBBLE,M,TIGHT,,,,28,,0,0,0
2,1772906996562,trial_success,running,26,79,1,3,1,391,BUBBLE,M,TIGHT,323,439.625,28,28,1,0,0,365.764
2,1772906996562,trial_start,running,26,79,1,3,2,392,BUBBLE,M,TIGHT,,,,4,,0,0,0
2,1772906997241,trial_success,running,26,79,1,3,2,392,BUBBLE,M,TIGHT,771,392.625,4,4,1,0,0,562.657
2,1772906997241,trial_start,running,26,79,1,3,3,393,BUBBLE,M,TIGHT,,,,7,,0,0,0
2,1772906997860,trial_success,running,26,79,1,3,3,393,BUBBLE,M,TIGHT,725,202.625,7,7,1,0,0,514.364
2,1772906997860,trial_start,running,26,79,1,3,4,394,BUBBLE,M,TIGHT,,,,28,,0,0,0
2,1772906998422,trial_success,running,26,79,1,3,4,394,BUBBLE,M,TIGHT,339,422.625,28,28,1,0,0,514.025
2,1772906998422,trial_start,running,26,79,1,3,5,395,BUBBLE,M,TIGHT,,,,9,,0,0,0
2,1772906998939,trial_success,running,26,79,1,3,5,395,BUBBLE,M,TIGHT,543,91.625,9,9,1,0,0,405.93
2,1772906998939,block_end,running,26,79,1,3,5,395,BUBBLE,M,TIGHT,,,,9,,0,0,405.93
2,1772906998939,rest_screen,rest,26,79,1,3,5,395,BUBBLE,M,TIGHT,,,,-1,,0,0,405.93
2,1772906999300,block_start,running,26,80,2,3,0,395,BUBBLE,M,TIGHT,,,,-1,,0,0,405.93
2,1772906999300,trial_start,running,26,80,2,3,1,396,BUBBLE,M,TIGHT,,,,11,,0,0,0
2,1772906999851,trial_success,running,26,80,2,3,1,396,BUBBLE,M,TIGHT,288,103.625,11,11,1,0,0,352.574
2,1772906999851,trial_start,running,26,80,2,3,2,397,BUBBLE,M,TIGHT,,,,16,,0,0,0
2,1772907000796,trial_success,running,26,80,2,3,2,397,BUBBLE,M,TIGHT,131,80.625,16,16,1,0,0,1290.868
2,1772907000796,trial_start,running,26,80,2,3,3,398,BUBBLE,M,TIGHT,,,,5,,0,0,0
2,1772907001466,trial_success,running,26,80,2,3,3,398,BUBBLE,M,TIGHT,881,356.625,5,5,1,0,0,904.617
2,1772907001466,trial_start,running,26,80,2,3,4,399,BUBBLE,M,TIGHT,,,,21,,0,0,0
2,1772907002378,trial_success,running,26,80,2,3,4,399,BUBBLE,M,TIGHT,613,476.625,21,21,1,0,0,1264.612
2,1772907002378,trial_start,running,26,80,2,3,5,400,BUBBLE,M,TIGHT,,,,12,,0,0,0
2,1772907002934,trial_success,running,26,80,2,3,5,400,BUBBLE,M,TIGHT,293,66.625,12,12,1,0,0,527.871
2,1772907002934,block_end,running,26,80,2,3,5,400,BUBBLE,M,TIGHT,,,,12,,0,0,527.871
2,1772907002934,rest_screen,rest,26,80,2,3,5,400,BUBBLE,M,TIGHT,,,,-1,,0,0,527.871
2,1772907003295,block_start,running,26,81,3,3,0,400,BUBBLE,M,TIGHT,,,,-1,,0,0,527.871
2,1772907003295,trial_start,running,26,81,3,3,1,401,BUBBLE,M,TIGHT,,,,27,,0,0,0
2,1772907003931,trial_success,running,26,81,3,3,1,401,BUBBLE,M,TIGHT,799,121.625,27,27,1,0,0,358.173
2,1772907003931,trial_start,running,26,81,3,3,2,402,BUBBLE,M,TIGHT,,,,20,,0,0,0
2,1772907004430,trial_success,running,26,81,3,3,2,402,BUBBLE,M,TIGHT,521,296.625,20,20,1,0,0,340.626
2,1772907004430,trial_start,running,26,81,3,3,3,403,BUBBLE,M,TIGHT,,,,12,,0,0,0
2,1772907004927,trial_success,running,26,81,3,3,3,403,BUBBLE,M,TIGHT,569,54.625,12,12,1,0,0,351.126
2,1772907004927,trial_start,running,26,81,3,3,4,404,BUBBLE,M,TIGHT,,,,9,,0,0,0
2,1772907005448,trial_success,running,26,81,3,3,4,404,BUBBLE,M,TIGHT,778,195.625,9,9,1,0,0,359.556
2,1772907005448,trial_start,running,26,81,3,3,5,405,BUBBLE,M,TIGHT,,,,1,,0,0,0
2,1772907006039,trial_success,running,26,81,3,3,5,405,BUBBLE,M,TIGHT,387,377.625,1,1,1,0,0,456.817
2,1772907006039,block_end,running,26,81,3,3,5,405,BUBBLE,M,TIGHT,,,,1,,0,0,456.817
2,1772907006039,study_complete,complete,26,81,3,3,5,405,BUBBLE,M,TIGHT,,,,-1,,0,0,456.817
