participant_id,participant_order_group,run_start_iso,session_tag,condition_index,factor_condition_id,block_number,condition_block_index,blocks_per_condition,technique,technique_order_index,technique_block_condition_index,size_level,radius_px,spacing_level,min_sep_px,num_targets,canvas_w,canvas_h,trial_in_block,global_trial_number,goal_target_id,goal_x,goal_y,prev_goal_x,prev_goal_y,A_px,W_px,ID_bits,time_ms,wrong_target_clicks,miss_clicks,total_errors,path_length_px,throughput_bps,trial_start_timestamp_ms,trial_end_timestamp_ms,last_click_x,last_click_y,captured_target_id_correct_click
2,2,2026-03-07T18:04:11.534Z,20260307_130411,0,POINT_M_TIGHT,1,1,3,POINT,0,0,M,16,TIGHT,8,30,960,500,1,1,13,572.356,36.233,480,250,232.864,32,3.049,1502,0,0,0,337.3,2.03,1772906692272,1772906693774,574,29.625,13
2,2,2026-03-07T18:04:11.534Z,20260307_130411,0,POINT_M_TIGHT,1,1,3,POINT,0,0,M,16,TIGHT,8,30,960,500,2,2,4,844.728,190.665,572.356,36.233,313.106,32,3.431,682,0,0,0,755.753,5.031,1772906693774,1772906694456,847,179.625,4
2,2,2026-03-07T18:04:11.534Z,20260307_130411,0,POINT_M_TIGHT,1,1,3,POINT,0,0,M,16,TIGHT,8,30,960,500,3,3,3,328.539,142.651,844.728,190.665,518.417,32,4.104,622,0,0,0,563.336,6.599,1772906694456,1772906695078,319,132.625,3
2,2,2026-03-07T18:04:11.534Z,20260307_130411,0,POINT_M_TIGHT,1,1,3,POINT,0,0,M,16,TIGHT,8,30,960,500,4,4,11,265.604,284.45,328.539,142.651,155.138,32,2.548,540,0,0,0,321.714,4.718,1772906695078,1772906695618,264,282.625,11
2,2,2026-03-07T18:04:11.534Z,20260307_130411,0,POINT_M_TIGHT,1,1,3,POINT,0,0,M,16,TIGHT,8,30,960,500,5,5,1,628.046,307.063,265.604,284.45,363.148,32,3.626,522,0,0,0,398.137,6.947,1772906695619,1772906696141,636,305.625,1
2,2,2026-03-07T18:04:11.534Z,20260307_130411,0,POINT_M_TIGHT,2,2,3,POINT,0,0,M,16,TIGHT,8,30,960,500,1,6,24,75.867,354.454,480,250,417.413,32,3.812,906,0,0,0,406.115,4.207,1772906697922,1772906698828,81,352.625,24
2,2,2026-03-07T18:04:11.534Z,20260307_130411,0,POINT_M_TIGHT,2,2,3,POINT,0,0,M,16,TIGHT,8,30,960,500,2,7,10,382.181,430.532,75.867,354.454,315.62,32,3.441,558,0,0,0,403.61,6.167,1772906698828,1772906699386,379,434.625,10
2,2,2026-03-07T18:04:11.534Z,20260307_130411,0,POINT_M_TIGHT,2,2,3,POINT,0,0,M,16,TIGHT,8,30,960,500,3,8,13,465.096,197.055,382.181,430.532,247.763,32,3.128,534,0,0,0,272.674,5.858,1772906699386,1772906699920,467,194.625,13
2,2,2026-03-07T18:04:11.534Z,20260307_130411,0,POINT_M_TIGHT,2,2,3,POINT,0,0,M,16,TIGHT,8,30,960,500,4,9,19,859.165,424.575,465.096,197.055,455.034,32,3.928,612,0,0,0,513.535,6.418,1772906699920,1772906700532,853,423.625,19
2,2,2026-03-07T18:04:11.534Z,20260307_130411,0,POINT_M_TIGHT,2,2,3,POINT,0,0,M,16,TIGHT,8,30,960,500,5,10,15,866.18,162.783,859.165,424.575,261.886,32,3.199,616,0,0,0,816.937,5.193,1772906700532,1772906701148,865,163.625,15
2,2,2026-03-07T18:04:11.534Z,20260307_130411,0,POINT_M_TIGHT,3,3,3,POINT,0,0,M,16,TIGHT,8,30,960,500,1,11,10,422.321,283.343,480,250,66.623,32,1.624,574,0,0,0,141.542,2.829,1772906701704,1772906702278,419,279.625,10
2,2,2026-03-07T18:04:11.534Z,20260307_130411,0,POINT_M_TIGHT,3,3,3,POINT,0,0,M,16,TIGHT,8,30,960,500,2,12,6,158.467,108.631,422.321,283.343,316.455,32,3.445,634,0,0,0,677.881,5.433,1772906702278,1772906702912,161,113.625,6
2,2,2026-03-07T18:04:11.534Z,20260307_130411,0,POINT_M_TIGHT,3,3,3,POINT,0,0,M,16,TIGHT,8,30,960,500,3,13,4,185.864,146.187,158.467,108.631,46.487,32,1.294,631,0,0,0,734.338,2.051,1772906702912,1772906703543,184,141.625,4
2,2,2026-03-07T18:04:11.534Z,20260307_130411,0,POINT_M_TIGHT,3,3,3,POINT,0,0,M,16,TIGHT,8,30,960,500,4,14,24,357.413,186.279,185.864,146.187,176.172,32,2.702,500,0,0,0,429.76,5.403,1772906703543,1772906704043,347,191.625,24
2,2,2026-03-07T18:04:11.534Z,20260307_130411,0,POINT_M_TIGHT,3,3,3,POINT,0,0,M,16,TIGHT,8,30,960,500,5,15,21,362.317,396.52,357.413,186.279,210.298,32,2.921,895,0,1,1,439.341,3.263,1772906704043,1772906704938,361,396.625,21
2,2,2026-03-07T18:04:11.534Z,20260307_130411,1,POINT_S_TIGHT,4,1,3,POINT,0,1,S,10,TIGHT,8,30,960,500,1,16,1,237.838,39.31,480,250,320.987,20,4.092,863,0,0,0,420.021,4.741,1772906705357,1772906706220,236,31.625,1
2,2,2026-03-07T18:04:11.534Z,20260307_130411,1,POINT_S_TIGHT,4,1,3,POINT,0,1,S,10,TIGHT,8,30,960,500,2,17,3,124.788,68.553,237.838,39.31,116.771,20,2.774,733,0,0,0,820.042,3.784,1772906706220,1772906706953,118,65.625,3
2,2,2026-03-07T18:04:11.534Z,20260307_130411,1,POINT_S_TIGHT,4,1,3,POINT,0,1,S,10,TIGHT,8,30,960,500,3,18,11,199.272,354.447,124.788,68.553,295.437,20,3.979,791,0,0,0,584.896,5.031,1772906706953,1772906707744,190,351.625,11
2,2,2026-03-07T18:04:11.534Z,20260307_130411,1,POINT_S_TIGHT,4,1,3,POINT,0,1,S,10,TIGHT,8,30,960,500,4,19,23,747.891,319.783,199.272,354.447,549.713,20,4.832,730,0,0,0,579.577,6.619,1772906707744,1772906708474,748,318.625,23
2,2,2026-03-07T18:04:11.534Z,20260307_130411,1,POINT_S_TIGHT,4,1,3,POINT,0,1,S,10,TIGHT,8,30,960,500,5,20,24,281.095,286.152,747.891,319.783,468.006,20,4.609,696,0,0,0,473.247,6.622,1772906708474,1772906709170,287,285.625,24
2,2,2026-03-07T18:04:11.534Z,20260307_130411,1,POINT_S_TIGHT,5,2,3,POINT,0,1,S,10,TIGHT,8,30,960,500,1,21,10,395.37,192.232,480,250,102.466,20,2.614,639,0,0,0,195.853,4.091,1772906709686,1772906710325,395,192.625,10
2,2,2026-03-07T18:04:11.534Z,20260307_130411,1,POINT_S_TIGHT,5,2,3,POINT,0,1,S,10,TIGHT,8,30,960,500,2,22,6,505.312,330.545,395.37,192.232,176.685,20,3.298,935,0,1,1,231.592,3.527,1772906710325,1772906711260,504,332.625,6
2,2,2026-03-07T18:04:11.534Z,20260307_130411,1,POINT_S_TIGHT,5,2,3,POINT,0,1,S,10,TIGHT,8,30,960,500,3,23,24,343.55,155.656,505.312,330.545,238.229,20,3.691,731,0,0,0,258.089,5.049,1772906711260,1772906711991,342,153.625,24
2,2,2026-03-07T18:04:11.534Z,20260307_130411,1,POINT_S_TIGHT,5,2,3,POINT,0,1,S,10,TIGHT,8,30,960,500,4,24,25,825.29,138.584,343.55,155.656,482.042,20,4.65,1083,0,0,0,828.563,4.293,1772906711991,1772906713074,826,142.625,25
2,2,2026-03-07T18:04:11.534Z,20260307_130411,1,POINT_S_TIGHT,5,2,3,POINT,0,1,S,10,TIGHT,8,30,960,500,5,25,11,382.292,377.072,825.29,138.584,503.114,20,4.709,745,0,0,0,620.984,6.321,1772906713074,1772906713819,388,377.625,11
2,2,2026-03-07T18:04:11.534Z,20260307_130411,1,POINT_S_TIGHT,6,3,3,POINT,0,1,S,10,TIGHT,8,30,960,500,1,26,6,391.59,458.568,480,250,226.532,20,3.624,747,0,0,0,288.012,4.851,1772906714212,1772906714959,391,453.625,6
2,2,2026-03-07T18:04:11.534Z,20260307_130411,1,POINT_S_TIGHT,6,3,3,POINT,0,1,S,10,TIGHT,8,30,960,500,2,27,10,832.514,469.293,391.59,458.568,441.055,20,4.527,1232,0,0,0,1726.868,3.674,1772906714959,1772906716191,835,469.625,10
2,2,2026-03-07T18:04:11.534Z,20260307_130411,1,POINT_S_TIGHT,6,3,3,POINT,0,1,S,10,TIGHT,8,30,960,500,3,28,2,308.261,200.25,832.514,469.293,589.259,20,4.929,685,0,0,0,667.794,7.196,1772906716191,1772906716876,300,195.625,2
2,2,2026-03-07T18:04:11.534Z,20260307_130411,1,POINT_S_TIGHT,6,3,3,POINT,0,1,S,10,TIGHT,8,30,960,500,4,29,9,33.666,100.863,308.261,200.25,292.027,20,3.964,644,0,0,0,344.307,6.155,1772906716876,1772906717520,31,97.625,9
2,2,2026-03-07T18:04:11.534Z,20260307_130411,1,POINT_S_TIGHT,6,3,3,POINT,0,1,S,10,TIGHT,8,30,960,500,5,30,15,480.924,113.758,33.666,100.863,447.443,20,4.547,824,0,0,0,534.722,5.518,1772906717520,1772906718344,480,113.625,15
2,2,2026-03-07T18:04:11.534Z,20260307_130411,2,POINT_L_MED,7,1,3,POINT,0,2,L,22,MED,18,30,960,500,1,31,15,607.803,37.388,480,250,248.067,44,2.731,737,0,0,0,339.125,3.705,1772906718773,1772906719510,618,35.625,15
2,2,2026-03-07T18:04:11.534Z,20260307_130411,2,POINT_L_MED,7,1,3,POINT,0,2,L,22,MED,18,30,960,500,2,32,28,605.71,142.669,607.803,37.388,105.302,44,1.763,596,0,0,0,406.422,2.957,1772906719510,1772906720106,604,147.625,28
2,2,2026-03-07T18:04:11.534Z,20260307_130411,2,POINT_L_MED,7,1,3,POINT,0,2,L,22,MED,18,30,960,500,3,33,7,742.003,110.006,605.71,142.669,140.152,44,2.065,524,0,0,0,290.465,3.941,1772906720106,1772906720630,754,112.625,7
2,2,2026-03-07T18:04:11.534Z,20260307_130411,2,POINT_L_MED,7,1,3,POINT,0,2,L,22,MED,18,30,960,500,4,34,10,75.914,109.548,742.003,110.006,666.089,44,4.012,676,0,0,0,814.748,5.936,1772906720630,1772906721306,91,111.625,10
2,2,2026-03-07T18:04:11.534Z,20260307_130411,2,POINT_L_MED,7,1,3,POINT,0,2,L,22,MED,18,30,960,500,5,35,12,279.145,292.841,75.914,109.548,273.677,44,2.852,506,0,0,0,286.955,5.636,1772906721306,1772906721812,282,295.625,12
2,2,2026-03-07T18:04:11.534Z,20260307_130411,2,POINT_L_MED,8,2,3,POINT,0,2,L,22,MED,18,30,960,500,1,36,0,685.499,127.096,480,250,239.448,44,2.688,617,0,0,0,297.201,4.356,1772906722258,1772906722875,689,124.625,0
2,2,2026-03-07T18:04:11.534Z,20260307_130411,2,POINT_L_MED,8,2,3,POINT,0,2,L,22,MED,18,30,960,500,2,37,15,568.085,255.117,685.499,127.096,173.711,44,2.307,474,0,0,0,239.678,4.867,1772906722875,1772906723349,573,244.625,15
2,2,2026-03-07T18:04:11.534Z,20260307_130411,2,POINT_L_MED,8,2,3,POINT,0,2,L,22,MED,18,30,960,500,3,38,1,767.219,427.981,568.085,255.117,263.698,44,2.806,609,0,0,0,295.613,4.607,1772906723349,1772906723958,763,429.625,1
2,2,2026-03-07T18:04:11.534Z,20260307_130411,2,POINT_L_MED,8,2,3,POINT,0,2,L,22,MED,18,30,960,500,4,39,10,584.186,345.953,767.219,427.981,200.574,44,2.475,515,0,0,0,248.023,4.805,1772906723958,1772906724473,576,354.625,10
2,2,2026-03-07T18:04:11.534Z,20260307_130411,2,POINT_L_MED,8,2,3,POINT,0,2,L,22,MED,18,30,960,500,5,40,27,744.316,254.094,584.186,345.953,184.607,44,2.377,518,0,0,0,207.99,4.589,1772906724473,1772906724991,736,250.625,27
2,2,2026-03-07T18:04:11.534Z,20260307_130411,2,POINT_L_MED,9,3,3,POINT,0,2,L,22,MED,18,30,960,500,1,41,5,634.382,272.357,480,250,155.993,44,2.184,626,0,0,0,243.365,3.489,1772906725417,1772906726043,631,269.625,5
2,2,2026-03-07T18:04:11.534Z,20260307_130411,2,POINT_L_MED,9,3,3,POINT,0,2,L,22,MED,18,30,960,500,2,42,26,102.659,419.501,634.382,272.357,551.708,44,3.759,678,0,0,0,551.604,5.544,1772906726043,1772906726721,111,406.625,26
2,2,2026-03-07T18:04:11.534Z,20260307_130411,2,POINT_L_MED,9,3,3,POINT,0,2,L,22,MED,18,30,960,500,3,43,23,305.412,448.46,102.659,419.501,204.811,44,2.499,478,0,0,0,215.429,5.229,1772906726721,1772906727199,285,443.625,23
2,2,2026-03-07T18:04:11.534Z,20260307_130411,2,POINT_L_MED,9,3,3,POINT,0,2,L,22,MED,18,30,960,500,4,44,14,534.89,210.581,305.412,448.46,330.525,44,3.089,552,0,0,0,344.95,5.597,1772906727199,1772906727751,538,218.625,14
2,2,2026-03-07T18:04:11.534Z,20260307_130411,2,POINT_L_MED,9,3,3,POINT,0,2,L,22,MED,18,30,960,500,5,45,22,471.948,146.416,534.89,210.581,89.883,44,1.605,460,0,0,0,125.129,3.49,1772906727751,1772906728211,482,136.625,22
2,2,2026-03-07T18:04:11.534Z,20260307_130411,3,POINT_M_MED,10,1,3,POINT,0,3,M,16,MED,18,30,960,500,1,46,17,816.82,320.211,480,250,344.06,32,3.555,842,0,0,0,549.011,4.222,1772906728608,1772906729450,823,321.625,17
2,2,2026-03-07T18:04:11.534Z,20260307_130411,3,POINT_M_MED,10,1,3,POINT,0,3,M,16,MED,18,30,960,500,2,47,14,628.918,353.159,816.82,320.211,190.769,32,2.799,643,0,0,0,328.998,4.354,1772906729450,1772906730093,630,354.625,14
2,2,2026-03-07T18:04:11.534Z,20260307_130411,3,POINT_M_MED,10,1,3,POINT,0,3,M,16,MED,18,30,960,500,3,48,13,888.351,448.938,628.918,353.159,276.549,32,3.269,842,0,0,0,623.369,3.883,1772906730093,1772906730935,891,445.625,13
2,2,2026-03-07T18:04:11.534Z,20260307_130411,3,POINT_M_MED,10,1,3,POINT,0,3,M,16,MED,18,30,960,500,4,49,12,703.858,143.235,888.351,448.938,357.061,32,3.604,916,0,0,0,471.961,3.934,1772906730935,1772906731851,694,140.625,12
2,2,2026-03-07T18:04:11.534Z,20260307_130411,3,POINT_M_MED,10,1,3,POINT,0,3,M,16,MED,18,30,960,500,5,50,28,384.434,37.233,703.858,143.235,336.554,32,3.526,671,0,0,0,443.778,5.254,1772906731851,1772906732522,377,41.625,28
2,2,2026-03-07T18:04:11.534Z,20260307_130411,3,POINT_M_MED,11,2,3,POINT,0,3,M,16,MED,18,30,960,500,1,51,7,614.526,189.347,480,250,147.567,32,2.488,834,0,0,0,332.457,2.984,1772906732945,1772906733779,619,185.625,7
2,2,2026-03-07T18:04:11.534Z,20260307_130411,3,POINT_M_MED,11,2,3,POINT,0,3,M,16,MED,18,30,960,500,2,52,29,405.699,249.756,614.526,189.347,217.389,32,2.962,541,0,0,0,313.738,5.476,1772906733779,1772906734320,397,252.625,29
2,2,2026-03-07T18:04:11.534Z,20260307_130411,3,POINT_M_MED,11,2,3,POINT,0,3,M,16,MED,18,30,960,500,3,53,26,750.995,191.468,405.699,249.756,350.181,32,3.578,707,0,0,0,454.626,5.061,1772906734320,1772906735027,755,196.625,26
2,2,2026-03-07T18:04:11.534Z,20260307_130411,3,POINT_M_MED,11,2,3,POINT,0,3,M,16,MED,18,30,960,500,4,54,4,322.259,76.329,750.995,191.468,443.928,32,3.895,667,0,0,0,517.388,5.839,1772906735027,1772906735694,316,74.625,4
2,2,2026-03-07T18:04:11.534Z,20260307_130411,3,POINT_M_MED,11,2,3,POINT,0,3,M,16,MED,18,30,960,500,5,55,6,922.926,409.767,322.259,76.329,687.01,32,4.49,819,0,0,0,749.592,5.482,1772906735694,1772906736513,930,405.625,6
2,2,2026-03-07T18:04:11.534Z,20260307_130411,3,POINT_M_MED,12,3,3,POINT,0,3,M,16,MED,18,30,960,500,1,56,19,222.785,267.873,480,250,257.835,32,3.179,936,0,0,0,259.996,3.396,1772906736994,1772906737930,227,265.625,19
2,2,2026-03-07T18:04:11.534Z,20260307_130411,3,POINT_M_MED,12,3,3,POINT,0,3,M,16,MED,18,30,960,500,2,57,0,484.608,340.389,222.785,267.873,271.68,32,3.246,553,0,0,0,423.743,5.871,1772906737930,1772906738483,494,338.625,0
2,2,2026-03-07T18:04:11.534Z,20260307_130411,3,POINT_M_MED,12,3,3,POINT,0,3,M,16,MED,18,30,960,500,3,58,3,30.227,208.424,484.608,340.389,473.156,32,3.981,770,0,0,0,570.677,5.17,1772906738483,1772906739253,25,198.625,3
2,2,2026-03-07T18:04:11.534Z,20260307_130411,3,POINT_M_MED,12,3,3,POINT,0,3,M,16,MED,18,30,960,500,4,59,28,372.826,92.741,30.227,208.424,361.603,32,3.621,777,0,0,0,587.167,4.66,1772906739253,1772906740030,370,100.625,28
2,2,2026-03-07T18:04:11.534Z,20260307_130411,3,POINT_M_MED,12,3,3,POINT,0,3,M,16,MED,18,30,960,500,5,60,6,508.508,123.24,372.826,92.741,139.067,32,2.418,506,0,0,0,407.036,4.779,1772906740030,1772906740536,517,131.625,6
2,2,2026-03-07T18:04:11.534Z,20260307_130411,4,POINT_M_LOOSE,13,1,3,POINT,0,4,M,16,LOOSE,28,30,960,500,1,61,21,158.107,138.893,480,250,340.529,32,3.541,702,0,0,0,437.115,5.044,1772906740915,1772906741617,151,141.625,21
2,2,2026-03-07T18:04:11.534Z,20260307_130411,4,POINT_M_LOOSE,13,1,3,POINT,0,4,M,16,LOOSE,28,30,960,500,2,62,27,198.258,326.1,158.107,138.893,191.464,32,2.804,599,0,0,0,540.604,4.681,1772906741617,1772906742216,199,324.625,27
2,2,2026-03-07T18:04:11.534Z,20260307_130411,4,POINT_M_LOOSE,13,1,3,POINT,0,4,M,16,LOOSE,28,30,960,500,3,63,11,289.196,390.505,198.258,326.1,111.435,32,2.164,661,0,0,0,472.161,3.274,1772906742216,1772906742877,291,391.625,11
2,2,2026-03-07T18:04:11.534Z,20260307_130411,4,POINT_M_LOOSE,13,1,3,POINT,0,4,M,16,LOOSE,28,30,960,500,4,64,20,347.321,60.374,289.196,390.505,335.209,32,3.52,735,0,0,0,523.469,4.79,1772906742877,1772906743612,346,54.625,20
2,2,2026-03-07T18:04:11.534Z,20260307_130411,4,POINT_M_LOOSE,13,1,3,POINT,0,4,M,16,LOOSE,28,30,960,500,5,65,10,518.662,350.152,347.321,60.374,336.644,32,3.526,664,0,0,0,353.458,5.31,1772906743612,1772906744276,520,341.625,10
2,2,2026-03-07T18:04:11.534Z,20260307_130411,4,POINT_M_LOOSE,14,2,3,POINT,0,4,M,16,LOOSE,28,30,960,500,1,66,22,769.996,94.015,480,250,329.285,32,3.497,733,0,0,0,302.42,4.771,1772906744683,1772906745416,775,100.625,22
2,2,2026-03-07T18:04:11.534Z,20260307_130411,4,POINT_M_LOOSE,14,2,3,POINT,0,4,M,16,LOOSE,28,30,960,500,2,67,12,324.103,455.486,769.996,94.015,574.005,32,4.243,771,0,0,0,593.727,5.503,1772906745416,1772906746187,318,456.625,12
2,2,2026-03-07T18:04:11.534Z,20260307_130411,4,POINT_M_LOOSE,14,2,3,POINT,0,4,M,16,LOOSE,28,30,960,500,3,68,8,883.796,146.269,324.103,455.486,639.431,32,4.391,775,0,0,0,833.877,5.666,1772906746187,1772906746962,870,143.625,8
2,2,2026-03-07T18:04:11.534Z,20260307_130411,4,POINT_M_LOOSE,14,2,3,POINT,0,4,M,16,LOOSE,28,30,960,500,4,69,18,921.404,343.88,883.796,146.269,201.158,32,2.865,805,0,0,0,891.822,3.559,1772906746962,1772906747767,919,350.625,18
2,2,2026-03-07T18:04:11.534Z,20260307_130411,4,POINT_M_LOOSE,14,2,3,POINT,0,4,M,16,LOOSE,28,30,960,500,5,70,9,383.933,412.598,921.404,343.88,541.847,32,4.165,731,0,0,0,665.661,5.697,1772906747767,1772906748498,378,411.625,9
2,2,2026-03-07T18:04:11.534Z,20260307_130411,4,POINT_M_LOOSE,15,3,3,POINT,0,4,M,16,LOOSE,28,30,960,500,1,71,4,736.922,402.374,480,250,298.709,32,3.369,766,0,0,0,366.9,4.399,1772906748903,1772906749669,724,396.625,4
2,2,2026-03-07T18:04:11.534Z,20260307_130411,4,POINT_M_LOOSE,15,3,3,POINT,0,4,M,16,LOOSE,28,30,960,500,2,72,15,212.62,171.347,736.922,402.374,572.945,32,4.241,666,0,0,0,559.122,6.367,1772906749669,1772906750335,223,172.625,15
2,2,2026-03-07T18:04:11.534Z,20260307_130411,4,POINT_M_LOOSE,15,3,3,POINT,0,4,M,16,LOOSE,28,30,960,500,3,73,20,603.921,85.643,212.62,171.347,400.576,32,3.757,586,0,0,0,541.49,6.411,1772906750335,1772906750921,602,91.625,20
2,2,2026-03-07T18:04:11.534Z,20260307_130411,4,POINT_M_LOOSE,15,3,3,POINT,0,4,M,16,LOOSE,28,30,960,500,4,74,9,627.265,343.23,603.921,85.643,258.643,32,3.183,936,0,1,1,290.814,3.401,1772906750921,1772906751857,622,346.625,9
2,2,2026-03-07T18:04:11.534Z,20260307_130411,4,POINT_M_LOOSE,15,3,3,POINT,0,4,M,16,LOOSE,28,30,960,500,5,75,13,459.036,318.964,627.265,343.23,169.97,32,2.658,652,0,0,0,227.382,4.077,1772906751857,1772906752509,455,320.625,13
2,2,2026-03-07T18:04:11.534Z,20260307_130411,5,POINT_L_LOOSE,16,1,3,POINT,0,5,L,22,LOOSE,28,30,960,500,1,76,12,689.611,299.304,480,250,215.332,44,2.559,584,0,0,0,243.081,4.382,1772906752899,1772906753483,686,304.625,12
2,2,2026-03-07T18:04:11.534Z,20260307_130411,5,POINT_L_LOOSE,16,1,3,POINT,0,5,L,22,LOOSE,28,30,960,500,2,77,21,112.708,275.568,689.611,299.304,577.392,44,3.82,664,0,0,0,576.817,5.753,1772906753483,1772906754147,112,275.625,21
2,2,2026-03-07T18:04:11.534Z,20260307_130411,5,POINT_L_LOOSE,16,1,3,POINT,0,5,L,22,LOOSE,28,30,960,500,3,78,6,814.425,327.243,112.708,275.568,703.618,44,4.087,677,0,0,0,744.056,6.037,1772906754147,1772906754824,813,325.625,6
2,2,2026-03-07T18:04:11.534Z,20260307_130411,5,POINT_L_LOOSE,16,1,3,POINT,0,5,L,22,LOOSE,28,30,960,500,4,79,8,238.232,87.457,814.425,327.243,624.096,44,3.924,702,0,0,0,670.649,5.59,1772906754824,1772906755526,227,76.625,8
2,2,2026-03-07T18:04:11.534Z,20260307_130411,5,POINT_L_LOOSE,16,1,3,POINT,0,5,L,22,LOOSE,28,30,960,500,5,80,2,373.361,224.203,238.232,87.457,192.248,44,2.425,534,0,0,0,536.408,4.541,1772906755526,1772906756060,357,211.625,2
2,2,2026-03-07T18:04:11.534Z,20260307_130411,5,POINT_L_LOOSE,17,2,3,POINT,0,5,L,22,LOOSE,28,30,960,500,1,81,17,856.979,433.26,480,250,419.163,44,3.396,837,0,0,0,516.589,4.057,1772906756445,1772906757282,849,419.625,17
2,2,2026-03-07T18:04:11.534Z,20260307_130411,5,POINT_L_LOOSE,17,2,3,POINT,0,5,L,22,LOOSE,28,30,960,500,2,82,15,725.73,259.129,856.979,433.26,218.055,44,2.574,913,0,1,1,1007.093,2.82,1772906757282,1772906758195,715,246.625,15
2,2,2026-03-07T18:04:11.534Z,20260307_130411,5,POINT_L_LOOSE,17,2,3,POINT,0,5,L,22,LOOSE,28,30,960,500,3,83,6,747.253,182.433,725.73,259.129,79.659,44,1.491,664,0,0,0,615.646,2.245,1772906758195,1772906758859,747,181.625,6
2,2,2026-03-07T18:04:11.534Z,20260307_130411,5,POINT_L_LOOSE,17,2,3,POINT,0,5,L,22,LOOSE,28,30,960,500,4,84,5,675.689,191.339,747.253,182.433,72.116,44,1.4,555,0,0,0,379.867,2.523,1772906758859,1772906759414,693,180.625,5
2,2,2026-03-07T18:04:11.534Z,20260307_130411,5,POINT_L_LOOSE,17,2,3,POINT,0,5,L,22,LOOSE,28,30,960,500,5,85,22,135.79,460.063,675.689,191.339,603.078,44,3.878,741,0,0,0,661.382,5.234,1772906759414,1772906760155,133,460.625,22
2,2,2026-03-07T18:04:11.534Z,20260307_130411,5,POINT_L_LOOSE,18,3,3,POINT,0,5,L,22,LOOSE,28,30,960,500,1,86,29,752.506,176.731,480,250,282.184,44,2.89,627,0,0,0,434.13,4.609,1772906760537,1772906761164,749,168.625,29
2,2,2026-03-07T18:04:11.534Z,20260307_130411,5,POINT_L_LOOSE,18,3,3,POINT,0,5,L,22,LOOSE,28,30,960,500,2,87,0,603.205,426.588,752.506,176.731,291.066,44,2.929,558,0,0,0,437.609,5.249,1772906761164,1772906761722,592,421.625,0
2,2,2026-03-07T18:04:11.534Z,20260307_130411,5,POINT_L_LOOSE,18,3,3,POINT,0,5,L,22,LOOSE,28,30,960,500,3,88,10,253.398,137.72,603.205,426.588,453.663,44,3.5,588,0,0,0,490.361,5.952,1772906761722,1772906762310,238,122.625,10
2,2,2026-03-07T18:04:11.534Z,20260307_130411,5,POINT_L_LOOSE,18,3,3,POINT,0,5,L,22,LOOSE,28,30,960,500,4,89,7,412.791,56.362,253.398,137.72,178.956,44,2.341,886,0,1,1,440.823,2.642,1772906762310,1772906763196,417,57.625,7
2,2,2026-03-07T18:04:11.534Z,20260307_130411,5,POINT_L_LOOSE,18,3,3,POINT,0,5,L,22,LOOSE,28,30,960,500,5,90,5,157.68,426.865,412.791,56.362,449.838,44,3.488,682,0,0,0,507.121,5.115,1772906763196,1772906763878,167,421.625,5
2,2,2026-03-07T18:04:11.534Z,20260307_130411,6,POINT_S_LOOSE,19,1,3,POINT,0,6,S,10,LOOSE,28,30,960,500,1,91,21,722.343,268.637,480,250,243.058,20,3.717,774,0,0,0,251.691,4.803,1772906764241,1772906765015,718,265.625,21
2,2,2026-03-07T18:04:11.534Z,20260307_130411,6,POINT_S_LOOSE,19,1,3,POINT,0,6,S,10,LOOSE,28,30,960,500,2,92,27,269.531,57.679,722.343,268.637,499.541,20,4.699,1178,0,1,1,615.681,3.989,1772906765015,1772906766193,271,53.625,27
2,2,2026-03-07T18:04:11.534Z,20260307_130411,6,POINT_S_LOOSE,19,1,3,POINT,0,6,S,10,LOOSE,28,30,960,500,3,93,11,274.766,229.347,269.531,57.679,171.748,20,3.261,688,0,0,0,493.738,4.74,1772906766193,1772906766881,272,222.625,11
2,2,2026-03-07T18:04:11.534Z,20260307_130411,6,POINT_S_LOOSE,19,1,3,POINT,0,6,S,10,LOOSE,28,30,960,500,4,94,17,131.789,382.957,274.766,229.347,209.854,20,3.523,653,0,0,0,508.999,5.395,1772906766881,1772906767534,132,381.625,17
2,2,2026-03-07T18:04:11.534Z,20260307_130411,6,POINT_S_LOOSE,19,1,3,POINT,0,6,S,10,LOOSE,28,30,960,500,5,95,20,459.161,60.546,131.789,382.957,459.479,20,4.583,721,0,0,0,605.618,6.357,1772906767534,1772906768255,461,57.625,20
2,2,2026-03-07T18:04:11.534Z,20260307_130411,6,POINT_S_LOOSE,20,2,3,POINT,0,6,S,10,LOOSE,28,30,960,500,1,96,19,576.839,22.626,480,250,247.137,20,3.74,932,0,0,0,404.579,4.012,1772906768678,1772906769610,577,15.625,19
2,2,2026-03-07T18:04:11.534Z,20260307_130411,6,POINT_S_LOOSE,20,2,3,POINT,0,6,S,10,LOOSE,28,30,960,500,2,97,4,115.267,288.321,576.839,22.626,532.582,20,4.788,740,0,0,0,683.092,6.47,1772906769610,1772906770350,107,287.625,4
2,2,2026-03-07T18:04:11.534Z,20260307_130411,6,POINT_S_LOOSE,20,2,3,POINT,0,6,S,10,LOOSE,28,30,960,500,3,98,29,794.817,62.558,115.267,288.321,716.07,20,5.202,965,0,0,0,781.331,5.39,1772906770350,1772906771315,793,67.625,29
2,2,2026-03-07T18:04:11.534Z,20260307_130411,6,POINT_S_LOOSE,20,2,3,POINT,0,6,S,10,LOOSE,28,30,960,500,4,99,14,217.104,293.093,794.817,62.558,622.011,20,5.005,725,0,0,0,650.055,6.903,1772906771315,1772906772040,211,294.625,14
2,2,2026-03-07T18:04:11.534Z,20260307_130411,6,POINT_S_LOOSE,20,2,3,POINT,0,6,S,10,LOOSE,28,30,960,500,5,100,26,618.217,247.834,217.104,293.093,403.658,20,4.405,629,0,0,0,466.63,7.003,1772906772040,1772906772669,615,246.625,26
2,2,2026-03-07T18:04:11.534Z,20260307_130411,6,POINT_S_LOOSE,21,3,3,POINT,0,6,S,10,LOOSE,28,30,960,500,1,101,6,181.198,53.563,480,250,357.589,20,4.239,753,0,0,0,442.268,5.629,1772906773171,1772906773924,182,49.625,6
2,2,2026-03-07T18:04:11.534Z,20260307_130411,6,POINT_S_LOOSE,21,3,3,POINT,0,6,S,10,LOOSE,28,30,960,500,2,102,11,607.469,372.159,181.198,53.563,532.175,20,4.787,735,0,0,0,638.397,6.513,1772906773924,1772906774659,609,370.625,11
2,2,2026-03-07T18:04:11.534Z,20260307_130411,6,POINT_S_LOOSE,21,3,3,POINT,0,6,S,10,LOOSE,28,30,960,500,3,103,20,605.896,75.526,607.469,372.159,296.637,20,3.985,677,0,0,0,376.786,5.886,1772906774659,1772906775336,606,74.625,20
2,2,2026-03-07T18:04:11.534Z,20260307_130411,6,POINT_S_LOOSE,21,3,3,POINT,0,6,S,10,LOOSE,28,30,960,500,4,104,17,724.513,332.862,605.896,75.526,283.359,20,3.923,673,0,0,0,459.451,5.829,1772906775336,1772906776009,729,337.625,17
2,2,2026-03-07T18:04:11.534Z,20260307_130411,6,POINT_S_LOOSE,21,3,3,POINT,0,6,S,10,LOOSE,28,30,960,500,5,105,22,704.924,401.832,724.513,332.862,71.697,20,2.197,580,0,0,0,89.792,3.788,1772906776009,1772906776589,698,407.625,22
2,2,2026-03-07T18:04:11.534Z,20260307_130411,7,POINT_L_TIGHT,22,1,3,POINT,0,7,L,22,TIGHT,8,30,960,500,1,106,13,801.775,279.848,480,250,323.157,44,3.061,656,0,0,0,468.309,4.666,1772906776987,1772906777643,812,278.625,13
2,2,2026-03-07T18:04:11.534Z,20260307_130411,7,POINT_L_TIGHT,22,1,3,POINT,0,7,L,22,TIGHT,8,30,960,500,2,107,24,918.385,171.665,801.775,279.848,159.064,44,2.206,710,0,0,0,590.264,3.108,1772906777643,1772906778353,914,176.625,24
2,2,2026-03-07T18:04:11.534Z,20260307_130411,7,POINT_L_TIGHT,22,1,3,POINT,0,7,L,22,TIGHT,8,30,960,500,3,108,4,662.613,131.666,918.385,171.665,258.881,44,2.783,707,0,0,0,769.482,3.937,1772906778353,1772906779060,648,135.625,4
2,2,2026-03-07T18:04:11.534Z,20260307_130411,7,POINT_L_TIGHT,22,1,3,POINT,0,7,L,22,TIGHT,8,30,960,500,4,109,28,663.533,388.003,662.613,131.666,256.339,44,2.771,567,0,0,0,434.441,4.887,1772906779060,1772906779627,667,389.625,28
2,2,2026-03-07T18:04:11.534Z,20260307_130411,7,POINT_L_TIGHT,22,1,3,POINT,0,7,L,22,TIGHT,8,30,960,500,5,110,15,164.663,290.791,663.533,388.003,508.254,44,3.65,666,0,0,0,516.956,5.48,1772906779627,1772906780293,175,296.625,15
2,2,2026-03-07T18:04:11.534Z,20260307_130411,7,POINT_L_TIGHT,23,2,3,POINT,0,7,L,22,TIGHT,8,30,960,500,1,111,0,831.835,133.769,480,250,370.537,44,3.236,745,0,0,0,441.105,4.344,1772906780834,1772906781579,825,129.625,0
2,2,2026-03-07T18:04:11.534Z,20260307_130411,7,POINT_L_TIGHT,23,2,3,POINT,0,7,L,22,TIGHT,8,30,960,500,2,112,7,907.133,75.523,831.835,133.769,95.197,44,1.662,539,0,0,0,189.861,3.083,1772906781579,1772906782118,909,85.625,7
2,2,2026-03-07T18:04:11.534Z,20260307_130411,7,POINT_L_TIGHT,23,2,3,POINT,0,7,L,22,TIGHT,8,30,960,500,3,113,13,883.741,292.717,907.133,75.523,218.449,44,2.576,557,0,0,0,269.552,4.626,1772906782118,1772906782675,886,290.625,13
2,2,2026-03-07T18:04:11.534Z,20260307_130411,7,POINT_L_TIGHT,23,2,3,POINT,0,7,L,22,TIGHT,8,30,960,500,4,114,23,303.879,283.248,883.741,292.717,579.939,44,3.826,613,0,0,0,594.892,6.241,1772906782675,1772906783288,303,272.625,23
2,2,2026-03-07T18:04:11.534Z,20260307_130411,7,POINT_L_TIGHT,23,2,3,POINT,0,7,L,22,TIGHT,8,30,960,500,5,115,13,883.741,292.717,303.879,283.248,579.939,44,3.826,658,0,0,0,606.965,5.814,1772906783288,1772906783946,885,292.625,13
2,2,2026-03-07T18:04:11.534Z,20260307_130411,7,POINT_L_TIGHT,24,3,3,POINT,0,7,L,22,TIGHT,8,30,960,500,1,116,16,564.311,424.639,480,250,193.925,44,2.435,712,0,0,0,198.601,3.42,1772906784479,1772906785191,562,409.625,16
2,2,2026-03-07T18:04:11.534Z,20260307_130411,7,POINT_L_TIGHT,24,3,3,POINT,0,7,L,22,TIGHT,8,30,960,500,2,117,12,564.739,178.112,564.311,424.639,246.527,44,2.723,563,0,0,0,290.065,4.837,1772906785191,1772906785754,571,173.625,12
2,2,2026-03-07T18:04:11.534Z,20260307_130411,7,POINT_L_TIGHT,24,3,3,POINT,0,7,L,22,TIGHT,8,30,960,500,3,118,0,429.414,439.507,564.739,178.112,294.347,44,2.943,650,0,0,0,305.861,4.528,1772906785754,1772906786404,434,426.625,0
2,2,2026-03-07T18:04:11.534Z,20260307_130411,7,POINT_L_TIGHT,24,3,3,POINT,0,7,L,22,TIGHT,8,30,960,500,4,119,14,898.35,231.336,429.414,439.507,513.065,44,3.662,847,0,1,1,691.044,4.324,1772906786404,1772906787251,888,231.625,14
2,2,2026-03-07T18:04:11.534Z,20260307_130411,7,POINT_L_TIGHT,24,3,3,POINT,0,7,L,22,TIGHT,8,30,960,500,5,120,24,672.573,233.716,898.35,231.336,225.79,44,2.616,615,0,0,0,468.521,4.254,1772906787251,1772906787866,673,238.625,24
2,2,2026-03-07T18:04:11.534Z,20260307_130411,8,POINT_S_MED,25,1,3,POINT,0,8,S,10,MED,18,30,960,500,1,121,11,263.591,30.992,480,250,307.892,20,4.035,793,0,0,0,413.712,5.088,1772906788365,1772906789158,259,30.625,11
2,2,2026-03-07T18:04:11.534Z,20260307_130411,8,POINT_S_MED,25,1,3,POINT,0,8,S,10,MED,18,30,960,500,2,122,6,32.213,303.518,263.591,30.992,357.5,20,4.238,692,0,0,0,526.613,6.125,1772906789158,1772906789850,29,305.625,6
2,2,2026-03-07T18:04:11.534Z,20260307_130411,8,POINT_S_MED,25,1,3,POINT,0,8,S,10,MED,18,30,960,500,3,123,23,519.739,341.437,32.213,303.518,488.998,20,4.67,822,0,0,0,519.515,5.681,1772906789850,1772906790672,521,345.625,23
2,2,2026-03-07T18:04:11.534Z,20260307_130411,8,POINT_S_MED,25,1,3,POINT,0,8,S,10,MED,18,30,960,500,4,124,14,776.311,142.574,519.739,341.437,324.616,20,4.107,789,0,0,0,421.277,5.205,1772906790672,1772906791461,776,136.625,14
2,2,2026-03-07T18:04:11.534Z,20260307_130411,8,POINT_S_MED,25,1,3,POINT,0,8,S,10,MED,18,30,960,500,5,125,27,748.116,325.825,776.311,142.574,185.407,20,3.36,680,0,0,0,260.646,4.942,1772906791461,1772906792141,742,326.625,27
2,2,2026-03-07T18:04:11.534Z,20260307_130411,8,POINT_S_MED,26,2,3,POINT,0,8,S,10,MED,18,30,960,500,1,126,10,848.881,417.737,480,250,405.227,20,4.41,1016,0,0,0,574.9,4.341,1772906792552,1772906793568,844,419.625,10
2,2,2026-03-07T18:04:11.534Z,20260307_130411,8,POINT_S_MED,26,2,3,POINT,0,8,S,10,MED,18,30,960,500,2,127,22,864.408,203.506,848.881,417.737,214.794,20,3.553,1123,0,1,1,257.044,3.164,1772906793568,1772906794691,860,197.625,22
2,2,2026-03-07T18:04:11.534Z,20260307_130411,8,POINT_S_MED,26,2,3,POINT,0,8,S,10,MED,18,30,960,500,3,128,6,513.901,346.6,864.408,203.506,378.591,20,4.317,908,0,0,0,393.215,4.754,1772906794691,1772906795599,513,349.625,6
2,2,2026-03-07T18:04:11.534Z,20260307_130411,8,POINT_S_MED,26,2,3,POINT,0,8,S,10,MED,18,30,960,500,4,129,19,806.254,478.602,513.901,346.6,320.773,20,4.091,1624,0,0,0,1742.475,2.519,1772906795599,1772906797223,803,475.625,19
2,2,2026-03-07T18:04:11.534Z,20260307_130411,8,POINT_S_MED,26,2,3,POINT,0,8,S,10,MED,18,30,960,500,5,130,22,864.408,203.506,806.254,478.602,281.176,20,3.913,791,0,0,0,599.179,4.946,1772906797223,1772906798014,872,206.625,22
2,2,2026-03-07T18:04:11.534Z,20260307_130411,8,POINT_S_MED,27,3,3,POINT,0,8,S,10,MED,18,30,960,500,1,131,16,859.398,217.769,480,250,380.765,20,4.325,858,0,0,0,508.051,5.04,1772906798435,1772906799293,861,218.625,16
2,2,2026-03-07T18:04:11.534Z,20260307_130411,8,POINT_S_MED,27,3,3,POINT,0,8,S,10,MED,18,30,960,500,2,132,5,698.696,110.094,859.398,217.769,193.44,20,3.416,684,0,0,0,200.935,4.994,1772906799293,1772906799977,701,113.625,5
2,2,2026-03-07T18:04:11.534Z,20260307_130411,8,POINT_S_MED,27,3,3,POINT,0,8,S,10,MED,18,30,960,500,3,133,16,859.398,217.769,698.696,110.094,193.44,20,3.416,775,0,0,0,228.461,4.407,1772906799977,1772906800752,857,212.625,16
2,2,2026-03-07T18:04:11.534Z,20260307_130411,8,POINT_S_MED,27,3,3,POINT,0,8,S,10,MED,18,30,960,500,4,134,14,381.66,394.479,859.398,217.769,509.373,20,4.726,846,0,0,0,697.492,5.587,1772906800752,1772906801598,385,390.625,14
2,2,2026-03-07T18:04:11.534Z,20260307_130411,8,POINT_S_MED,27,3,3,POINT,0,8,S,10,MED,18,30,960,500,5,135,10,209.284,226.586,381.66,394.479,240.626,20,3.704,752,0,0,0,251.799,4.925,1772906801598,1772906802350,209,230.625,10
2,2,2026-03-07T18:04:11.534Z,20260307_130411,9,AREA_M_TIGHT,28,1,3,AREA,1,0,M,16,TIGHT,8,30,960,500,1,136,28,875.24,172.952,480,250,402.68,32,3.764,897,0,0,0,437.029,4.196,1772906802739,1772906803636,871,178.625,28
2,2,2026-03-07T18:04:11.534Z,20260307_130411,9,AREA_M_TIGHT,28,1,3,AREA,1,0,M,16,TIGHT,8,30,960,500,2,137,15,676.309,318.854,875.24,172.952,246.701,32,3.123,691,0,0,0,482.942,4.519,1772906803636,1772906804327,680,327.625,15
2,2,2026-03-07T18:04:11.534Z,20260307_130411,9,AREA_M_TIGHT,28,1,3,AREA,1,0,M,16,TIGHT,8,30,960,500,3,138,25,551.788,371.944,676.309,318.854,135.366,32,2.387,585,0,0,0,168.515,4.08,1772906804327,1772906804912,538,364.625,25
2,2,2026-03-07T18:04:11.534Z,20260307_130411,9,AREA_M_TIGHT,28,1,3,AREA,1,0,M,16,TIGHT,8,30,960,500,4,139,3,457.501,247.828,551.788,371.944,155.869,32,2.554,568,0,0,0,180.688,4.496,1772906804912,1772906805480,454,244.625,3
2,2,2026-03-07T18:04:11.534Z,20260307_130411,9,AREA_M_TIGHT,28,1,3,AREA,1,0,M,16,TIGHT,8,30,960,500,5,140,20,388.147,356.867,457.501,247.828,129.227,32,2.333,749,0,0,0,536.074,3.115,1772906805480,1772906806229,388,358.625,20
2,2,2026-03-07T18:04:11.534Z,20260307_130411,9,AREA_M_TIGHT,29,2,3,AREA,1,0,M,16,TIGHT,8,30,960,500,1,141,9,334.648,30.569,480,250,263.205,32,3.206,911,0,0,0,351.15,3.519,1772906806647,1772906807558,333,27.625,9
2,2,2026-03-07T18:04:11.534Z,20260307_130411,9,AREA_M_TIGHT,29,2,3,AREA,1,0,M,16,TIGHT,8,30,960,500,2,142,11,919.331,333.034,334.648,30.569,658.285,32,4.431,772,0,0,0,666.15,5.74,1772906807558,1772906808330,903,333.625,11
2,2,2026-03-07T18:04:11.534Z,20260307_130411,9,AREA_M_TIGHT,29,2,3,AREA,1,0,M,16,TIGHT,8,30,960,500,3,143,7,38.915,284.55,919.331,333.034,881.75,32,4.836,842,0,0,0,910.961,5.743,1772906808330,1772906809172,38,289.625,7
2,2,2026-03-07T18:04:11.534Z,20260307_130411,9,AREA_M_TIGHT,29,2,3,AREA,1,0,M,16,TIGHT,8,30,960,500,4,144,4,573.088,43.727,38.915,284.55,585.949,32,4.271,656,0,0,0,729.61,6.511,1772906809172,1772906809828,573,56.625,4
2,2,2026-03-07T18:04:11.534Z,20260307_130411,9,AREA_M_TIGHT,29,2,3,AREA,1,0,M,16,TIGHT,8,30,960,500,5,145,3,841.579,224.339,573.088,43.727,323.587,32,3.474,674,0,0,0,474.255,5.154,1772906809828,1772906810502,846,221.625,3
2,2,2026-03-07T18:04:11.534Z,20260307_130411,9,AREA_M_TIGHT,30,3,3,AREA,1,0,M,16,TIGHT,8,30,960,500,1,146,27,120.779,367.409,480,250,377.921,32,3.679,1397,0,1,1,828.235,2.634,1772906810878,1772906812275,127,367.625,27
2,2,2026-03-07T18:04:11.534Z,20260307_130411,9,AREA_M_TIGHT,30,3,3,AREA,1,0,M,16,TIGHT,8,30,960,500,2,147,17,65.277,224.471,120.779,367.409,153.335,32,2.534,650,0,0,0,747.467,3.898,1772906812275,1772906812925,66,224.625,17
2,2,2026-03-07T18:04:11.534Z,20260307_130411,9,AREA_M_TIGHT,30,3,3,AREA,1,0,M,16,TIGHT,8,30,960,500,3,148,10,872.439,87.311,65.277,224.471,818.733,32,4.733,665,0,0,0,856.965,7.117,1772906812925,1772906813590,861,84.625,10
2,2,2026-03-07T18:04:11.534Z,20260307_130411,9,AREA_M_TIGHT,30,3,3,AREA,1,0,M,16,TIGHT,8,30,960,500,4,149,27,120.779,367.409,872.439,87.311,802.151,32,4.704,754,0,0,0,818.331,6.239,1772906813590,1772906814344,123,366.625,27
2,2,2026-03-07T18:04:11.534Z,20260307_130411,9,AREA_M_TIGHT,30,3,3,AREA,1,0,M,16,TIGHT,8,30,960,500,5,150,12,886.648,429.794,120.779,367.409,768.405,32,4.645,704,0,0,0,892.159,6.597,1772906814344,1772906815048,867,424.625,12
2,2,2026-03-07T18:04:11.534Z,20260307_130411,10,AREA_L_LOOSE,31,1,3,AREA,1,1,L,22,LOOSE,28,30,960,500,1,151,9,660.656,411.327,480,250,242.204,44,2.701,771,0,0,0,345.056,3.504,1772906815477,1772906816248,663,404.625,9
2,2,2026-03-07T18:04:11.534Z,20260307_130411,10,AREA_L_LOOSE,31,1,3,AREA,1,1,L,22,LOOSE,28,30,960,500,2,152,28,668.171,40.571,660.656,411.327,370.832,44,3.237,672,0,0,0,574.222,4.817,1772906816248,1772906816920,663,39.625,28
2,2,2026-03-07T18:04:11.534Z,20260307_130411,10,AREA_L_LOOSE,31,1,3,AREA,1,1,L,22,LOOSE,28,30,960,500,3,153,1,79.149,248.911,668.171,40.571,624.781,44,3.926,716,0,0,0,739.185,5.483,1772906816920,1772906817636,81,241.625,1
2,2,2026-03-07T18:04:11.534Z,20260307_130411,10,AREA_L_LOOSE,31,1,3,AREA,1,1,L,22,LOOSE,28,30,960,500,4,154,8,863.262,397.157,79.149,248.911,798.004,44,4.258,728,0,0,0,893.598,5.849,1772906817636,1772906818364,871,398.625,8
2,2,2026-03-07T18:04:11.534Z,20260307_130411,10,AREA_L_LOOSE,31,1,3,AREA,1,1,L,22,LOOSE,28,30,960,500,5,155,27,200.675,103.437,863.262,397.157,724.772,44,4.127,686,0,0,0,773.008,6.016,1772906818364,1772906819050,197,109.625,27
2,2,2026-03-07T18:04:11.534Z,20260307_130411,10,AREA_L_LOOSE,32,2,3,AREA,1,1,L,22,LOOSE,28,30,960,500,1,156,15,470.614,186.719,480,250,63.974,44,1.295,787,0,0,0,214.946,1.646,1772906819526,1772906820313,468,198.625,15
2,2,2026-03-07T18:04:11.534Z,20260307_130411,10,AREA_L_LOOSE,32,2,3,AREA,1,1,L,22,LOOSE,28,30,960,500,2,157,6,177.033,424.473,470.614,186.719,377.779,44,3.261,635,0,0,0,551.462,5.135,1772906820313,1772906820948,168,428.625,6
2,2,2026-03-07T18:04:11.534Z,20260307_130411,10,AREA_L_LOOSE,32,2,3,AREA,1,1,L,22,LOOSE,28,30,960,500,3,158,12,832.224,424.647,177.033,424.473,655.191,44,3.99,624,0,0,0,754.352,6.394,1772906820948,1772906821572,805,425.625,12
2,2,2026-03-07T18:04:11.534Z,20260307_130411,10,AREA_L_LOOSE,32,2,3,AREA,1,1,L,22,LOOSE,28,30,960,500,4,159,10,163.596,51.711,832.224,424.647,765.601,44,4.202,730,0,0,0,763.509,5.756,1772906821572,1772906822302,161,54.625,10
2,2,2026-03-07T18:04:11.534Z,20260307_130411,10,AREA_L_LOOSE,32,2,3,AREA,1,1,L,22,LOOSE,28,30,960,500,5,160,4,384.896,263.347,163.596,51.711,306.209,44,2.993,757,0,0,0,949.742,3.953,1772906822302,1772906823059,380,271.625,4
2,2,2026-03-07T18:04:11.534Z,20260307_130411,10,AREA_L_LOOSE,33,3,3,AREA,1,1,L,22,LOOSE,28,30,960,500,1,161,15,293.787,214.532,480,250,189.561,44,2.408,690,0,0,0,323.816,3.49,1772906823475,1772906824165,300,211.625,15
2,2,2026-03-07T18:04:11.534Z,20260307_130411,10,AREA_L_LOOSE,33,3,3,AREA,1,1,L,22,LOOSE,28,30,960,500,2,162,11,551.037,363.813,293.787,214.532,297.426,44,2.956,596,0,0,0,459.064,4.96,1772906824165,1772906824761,552,346.625,11
2,2,2026-03-07T18:04:11.534Z,20260307_130411,10,AREA_L_LOOSE,33,3,3,AREA,1,1,L,22,LOOSE,28,30,960,500,3,163,28,321.726,445.07,551.037,363.813,243.282,44,2.707,580,0,0,0,282.751,4.667,1772906824761,1772906825341,318,443.625,28
2,2,2026-03-07T18:04:11.534Z,20260307_130411,10,AREA_L_LOOSE,33,3,3,AREA,1,1,L,22,LOOSE,28,30,960,500,4,164,6,927.355,448.185,321.726,445.07,605.637,44,3.884,677,0,0,0,622.878,5.737,1772906825341,1772906826018,908,432.625,6
2,2,2026-03-07T18:04:11.534Z,20260307_130411,10,AREA_L_LOOSE,33,3,3,AREA,1,1,L,22,LOOSE,28,30,960,500,5,165,0,182.876,413.437,927.355,448.185,745.29,44,4.165,815,0,0,0,797.039,5.11,1772906826018,1772906826833,193,421.625,0
2,2,2026-03-07T18:04:11.534Z,20260307_130411,11,AREA_M_MED,34,1,3,AREA,1,2,M,16,MED,18,30,960,500,1,166,26,903.446,93.022,480,250,451.607,32,3.918,715,0,0,0,597.646,5.479,1772906827264,1772906827979,897,90.625,26
2,2,2026-03-07T18:04:11.534Z,20260307_130411,11,AREA_M_MED,34,1,3,AREA,1,2,M,16,MED,18,30,960,500,2,167,3,136.13,57.986,903.446,93.022,768.116,32,4.644,747,0,0,0,911.819,6.217,1772906827979,1772906828726,142,54.625,3
2,2,2026-03-07T18:04:11.534Z,20260307_130411,11,AREA_M_MED,34,1,3,AREA,1,2,M,16,MED,18,30,960,500,3,168,10,672.674,73.25,136.13,57.986,536.761,32,4.152,640,0,0,0,643.847,6.487,1772906828726,1772906829366,674,72.625,10
2,2,2026-03-07T18:04:11.534Z,20260307_130411,11,AREA_M_MED,34,1,3,AREA,1,2,M,16,MED,18,30,960,500,4,169,17,895.903,420.684,672.674,73.25,412.967,32,3.798,764,0,0,0,584.174,4.971,1772906829366,1772906830130,898,416.625,17
2,2,2026-03-07T18:04:11.534Z,20260307_130411,11,AREA_M_MED,34,1,3,AREA,1,2,M,16,MED,18,30,960,500,5,170,14,895.468,191.421,895.903,420.684,229.263,32,3.029,629,0,0,0,802.107,4.816,1772906830130,1772906830759,876,197.625,14
2,2,2026-03-07T18:04:11.534Z,20260307_130411,11,AREA_M_MED,35,2,3,AREA,1,2,M,16,MED,18,30,960,500,1,171,28,875.215,467.572,480,250,451.145,32,3.916,999,0,0,0,769.47,3.92,1772906831246,1772906832245,864,465.625,28
2,2,2026-03-07T18:04:11.534Z,20260307_130411,11,AREA_M_MED,35,2,3,AREA,1,2,M,16,MED,18,30,960,500,2,172,27,191.139,142.316,875.215,467.572,757.463,32,4.625,596,0,0,0,762.117,7.76,1772906832245,1772906832841,187,133.625,27
2,2,2026-03-07T18:04:11.534Z,20260307_130411,11,AREA_M_MED,35,2,3,AREA,1,2,M,16,MED,18,30,960,500,3,173,23,696.506,470.947,191.139,142.316,602.822,32,4.31,599,0,0,0,797.172,7.196,1772906832841,1772906833440,709,453.625,23
2,2,2026-03-07T18:04:11.534Z,20260307_130411,11,AREA_M_MED,35,2,3,AREA,1,2,M,16,MED,18,30,960,500,4,174,28,875.215,467.572,696.506,470.947,178.74,32,2.719,1181,0,2,2,791.898,2.303,1772906833440,1772906834621,871,471.625,28
2,2,2026-03-07T18:04:11.534Z,20260307_130411,11,AREA_M_MED,35,2,3,AREA,1,2,M,16,MED,18,30,960,500,5,175,29,27.862,279.684,875.215,467.572,867.934,32,4.814,761,0,0,0,959.279,6.325,1772906834621,1772906835382,28,269.625,29
2,2,2026-03-07T18:04:11.534Z,20260307_130411,11,AREA_M_MED,36,3,3,AREA,1,2,M,16,MED,18,30,960,500,1,176,7,156.539,287.421,480,250,325.618,32,3.482,654,0,0,0,459.59,5.325,1772906835790,1772906836444,164,289.625,7
2,2,2026-03-07T18:04:11.534Z,20260307_130411,11,AREA_M_MED,36,3,3,AREA,1,2,M,16,MED,18,30,960,500,2,177,20,474.502,158.074,156.539,287.421,343.265,32,3.552,610,0,0,0,561.507,5.823,1772906836444,1772906837054,485,157.625,20
2,2,2026-03-07T18:04:11.534Z,20260307_130411,11,AREA_M_MED,36,3,3,AREA,1,2,M,16,MED,18,30,960,500,3,178,14,874.801,469.096,474.502,158.074,506.927,32,4.074,608,0,0,0,491.4,6.701,1772906837054,1772906837662,855,464.625,14
2,2,2026-03-07T18:04:11.534Z,20260307_130411,11,AREA_M_MED,36,3,3,AREA,1,2,M,16,MED,18,30,960,500,4,179,19,452.935,345.404,874.801,469.096,439.626,32,3.881,706,0,0,0,780.813,5.498,1772906837662,1772906838368,445,339.625,19
2,2,2026-03-07T18:04:11.534Z,20260307_130411,11,AREA_M_MED,36,3,3,AREA,1,2,M,16,MED,18,30,960,500,5,180,20,474.502,158.074,452.935,345.404,188.567,32,2.785,579,0,0,0,193.921,4.81,1772906838368,1772906838947,468,150.625,20
2,2,2026-03-07T18:04:11.534Z,20260307_130411,12,AREA_L_TIGHT,37,1,3,AREA,1,3,L,22,TIGHT,8,30,960,500,1,181,25,415.705,155.346,480,250,114.426,44,1.848,670,0,0,0,111.323,2.759,1772906839357,1772906840027,416,160.625,25
2,2,2026-03-07T18:04:11.534Z,20260307_130411,12,AREA_L_TIGHT,37,1,3,AREA,1,3,L,22,TIGHT,8,30,960,500,2,182,6,314.21,368.374,415.705,155.346,235.971,44,2.67,787,0,1,1,355.362,3.392,1772906840027,1772906840814,303,374.625,6
2,2,2026-03-07T18:04:11.534Z,20260307_130411,12,AREA_L_TIGHT,37,1,3,AREA,1,3,L,22,TIGHT,8,30,960,500,3,183,17,694.293,336.952,314.21,368.374,381.38,44,3.273,694,0,0,0,394.556,4.716,1772906840814,1772906841508,682,347.625,17
2,2,2026-03-07T18:04:11.534Z,20260307_130411,12,AREA_L_TIGHT,37,1,3,AREA,1,3,L,22,TIGHT,8,30,960,500,4,184,18,516.476,142.876,694.293,336.952,263.219,44,2.804,811,0,1,1,308.604,3.457,1772906841508,1772906842319,514,132.625,18
2,2,2026-03-07T18:04:11.534Z,20260307_130411,12,AREA_L_TIGHT,37,1,3,AREA,1,3,L,22,TIGHT,8,30,960,500,5,185,17,694.293,336.952,516.476,142.876,263.219,44,2.804,648,0,0,0,326.837,4.327,1772906842319,1772906842967,704,342.625,17
2,2,2026-03-07T18:04:11.534Z,20260307_130411,12,AREA_L_TIGHT,38,2,3,AREA,1,3,L,22,TIGHT,8,30,960,500,1,186,24,260.663,345.046,480,250,239.045,44,2.685,1047,0,1,1,288.45,2.565,1772906843400,1772906844447,240,344.625,24
2,2,2026-03-07T18:04:11.534Z,20260307_130411,12,AREA_L_TIGHT,38,2,3,AREA,1,3,L,22,TIGHT,8,30,960,500,2,187,19,888.595,344.89,260.663,345.046,627.932,44,3.933,724,0,0,0,655.382,5.432,1772906844447,1772906845171,883,343.625,19
2,2,2026-03-07T18:04:11.534Z,20260307_130411,12,AREA_L_TIGHT,38,2,3,AREA,1,3,L,22,TIGHT,8,30,960,500,3,188,3,126.696,212.135,888.595,344.89,773.378,44,4.215,692,0,0,0,779.192,6.092,1772906845172,1772906845864,131,216.625,3
2,2,2026-03-07T18:04:11.534Z,20260307_130411,12,AREA_L_TIGHT,38,2,3,AREA,1,3,L,22,TIGHT,8,30,960,500,4,189,14,866.6,393.528,126.696,212.135,761.815,44,4.195,679,0,0,0,761.919,6.178,1772906845864,1772906846543,863,394.625,14
2,2,2026-03-07T18:04:11.534Z,20260307_130411,12,AREA_L_TIGHT,38,2,3,AREA,1,3,L,22,TIGHT,8,30,960,500,5,190,22,54.377,73.71,866.6,393.528,872.92,44,4.381,762,0,0,0,889.396,5.75,1772906846543,1772906847305,54,77.625,22
2,2,2026-03-07T18:04:11.534Z,20260307_130411,12,AREA_L_TIGHT,39,3,3,AREA,1,3,L,22,TIGHT,8,30,960,500,1,191,17,670.349,95.385,480,250,245.232,44,2.717,684,0,0,0,267.893,3.972,1772906847783,1772906848467,656,95.625,17
2,2,2026-03-07T18:04:11.534Z,20260307_130411,12,AREA_L_TIGHT,39,3,3,AREA,1,3,L,22,TIGHT,8,30,960,500,2,192,6,199.896,288.014,670.349,95.385,508.363,44,3.65,599,0,0,0,522.844,6.094,1772906848467,1772906849066,194,285.625,6
2,2,2026-03-07T18:04:11.534Z,20260307_130411,12,AREA_L_TIGHT,39,3,3,AREA,1,3,L,22,TIGHT,8,30,960,500,3,193,20,59.218,179.967,199.896,288.014,177.382,44,2.331,669,0,0,0,798.421,3.484,1772906849066,1772906849735,59,181.625,20
2,2,2026-03-07T18:04:11.534Z,20260307_130411,12,AREA_L_TIGHT,39,3,3,AREA,1,3,L,22,TIGHT,8,30,960,500,4,194,6,199.896,288.014,59.218,179.967,177.382,44,2.331,610,0,0,0,405.193,3.821,1772906849735,1772906850345,200,287.625,6
2,2,2026-03-07T18:04:11.534Z,20260307_130411,12,AREA_L_TIGHT,39,3,3,AREA,1,3,L,22,TIGHT,8,30,960,500,5,195,23,367.137,184.558,199.896,288.014,196.654,44,2.451,802,0,1,1,300.473,3.057,1772906850345,1772906851147,365,193.625,23
2,2,2026-03-07T18:04:11.534Z,20260307_130411,13,AREA_S_MED,40,1,3,AREA,1,4,S,10,MED,18,30,960,500,1,196,1,473.215,267.467,480,250,18.738,20,0.954,750,0,0,0,250.019,1.272,1772906851548,1772906852298,468,272.625,1
2,2,2026-03-07T18:04:11.534Z,20260307_130411,13,AREA_S_MED,40,1,3,AREA,1,4,S,10,MED,18,30,960,500,2,197,2,397.448,45.768,473.215,267.467,234.288,20,3.668,778,0,0,0,268.207,4.715,1772906852298,1772906853076,389,49.625,2
2,2,2026-03-07T18:04:11.534Z,20260307_130411,13,AREA_S_MED,40,1,3,AREA,1,4,S,10,MED,18,30,960,500,3,198,24,169.962,418.399,397.448,45.768,436.582,20,4.513,714,0,0,0,545.841,6.32,1772906853076,1772906853790,182,417.625,24
2,2,2026-03-07T18:04:11.534Z,20260307_130411,13,AREA_S_MED,40,1,3,AREA,1,4,S,10,MED,18,30,960,500,4,199,3,683.516,384.356,169.962,418.399,514.681,20,4.741,718,0,0,0,641.889,6.603,1772906853790,1772906854508,669,383.625,3
2,2,2026-03-07T18:04:11.534Z,20260307_130411,13,AREA_S_MED,40,1,3,AREA,1,4,S,10,MED,18,30,960,500,5,200,5,355.772,326.235,683.516,384.356,332.858,20,4.141,710,0,0,0,325.286,5.832,1772906854508,1772906855218,359,327.625,5
2,2,2026-03-07T18:04:11.534Z,20260307_130411,13,AREA_S_MED,41,2,3,AREA,1,4,S,10,MED,18,30,960,500,1,201,23,87.905,34.991,480,250,447.177,20,4.546,1058,0,0,0,654.576,4.297,1772906855611,1772906856669,79,21.625,23
2,2,2026-03-07T18:04:11.534Z,20260307_130411,13,AREA_S_MED,41,2,3,AREA,1,4,S,10,MED,18,30,960,500,2,202,7,197.75,297.229,87.905,34.991,284.315,20,3.927,625,0,0,0,564.168,6.284,1772906856669,1772906857294,192,297.625,7
2,2,2026-03-07T18:04:11.534Z,20260307_130411,13,AREA_S_MED,41,2,3,AREA,1,4,S,10,MED,18,30,960,500,3,203,2,37.641,261.896,197.75,297.229,163.962,20,3.201,668,0,0,0,414.292,4.792,1772906857294,1772906857962,47,270.625,2
2,2,2026-03-07T18:04:11.534Z,20260307_130411,13,AREA_S_MED,41,2,3,AREA,1,4,S,10,MED,18,30,960,500,4,204,1,370.066,415.376,37.641,261.896,366.146,20,4.271,631,0,0,0,528.787,6.769,1772906857962,1772906858593,369,408.625,1
2,2,2026-03-07T18:04:11.534Z,20260307_130411,13,AREA_S_MED,41,2,3,AREA,1,4,S,10,MED,18,30,960,500,5,205,29,464.052,39.047,370.066,415.376,387.888,20,4.35,672,0,0,0,612.005,6.473,1772906858593,1772906859265,451,38.625,29
2,2,2026-03-07T18:04:11.534Z,20260307_130411,13,AREA_S_MED,42,3,3,AREA,1,4,S,10,MED,18,30,960,500,1,206,17,515.261,308.362,480,250,68.187,20,2.141,713,0,0,0,187.663,3.002,1772906859641,1772906860354,519,309.625,17
2,2,2026-03-07T18:04:11.534Z,20260307_130411,13,AREA_S_MED,42,3,3,AREA,1,4,S,10,MED,18,30,960,500,2,207,18,700.929,240.102,515.261,308.362,197.818,20,3.445,913,0,1,1,342.613,3.773,1772906860354,1772906861267,710,237.625,18
2,2,2026-03-07T18:04:11.534Z,20260307_130411,13,AREA_S_MED,42,3,3,AREA,1,4,S,10,MED,18,30,960,500,3,208,22,157.945,116.811,700.929,240.102,556.806,20,4.85,758,0,0,0,684.689,6.398,1772906861267,1772906862025,155,119.625,22
2,2,2026-03-07T18:04:11.534Z,20260307_130411,13,AREA_S_MED,42,3,3,AREA,1,4,S,10,MED,18,30,960,500,4,209,26,166.586,231.414,157.945,116.811,114.929,20,2.754,475,0,0,0,129.222,5.798,1772906862025,1772906862500,171,229.625,26
2,2,2026-03-07T18:04:11.534Z,20260307_130411,13,AREA_S_MED,42,3,3,AREA,1,4,S,10,MED,18,30,960,500,5,210,2,350.677,147.791,166.586,231.414,202.194,20,3.474,478,0,0,0,212.37,7.267,1772906862500,1772906862978,338,161.625,2
2,2,2026-03-07T18:04:11.534Z,20260307_130411,14,AREA_L_MED,43,1,3,AREA,1,5,L,22,MED,18,30,960,500,1,211,28,536.418,426.201,480,250,185.013,44,2.38,844,0,1,1,241.109,2.82,1772906863351,1772906864195,546,417.625,28
2,2,2026-03-07T18:04:11.534Z,20260307_130411,14,AREA_L_MED,43,1,3,AREA,1,5,L,22,MED,18,30,960,500,2,212,18,810.75,390.739,536.418,426.201,276.614,44,2.865,645,0,0,0,411.771,4.442,1772906864195,1772906864840,827,408.625,18
2,2,2026-03-07T18:04:11.534Z,20260307_130411,14,AREA_L_MED,43,1,3,AREA,1,5,L,22,MED,18,30,960,500,3,213,4,167.498,289.207,810.75,390.739,651.215,44,3.982,665,0,0,0,677.517,5.988,1772906864840,1772906865505,169,301.625,4
2,2,2026-03-07T18:04:11.534Z,20260307_130411,14,AREA_L_MED,43,1,3,AREA,1,5,L,22,MED,18,30,960,500,4,214,3,571.461,104.293,167.498,289.207,444.273,44,3.472,640,0,0,0,463.461,5.425,1772906865505,1772906866145,557,106.625,3
2,2,2026-03-07T18:04:11.534Z,20260307_130411,14,AREA_L_MED,43,1,3,AREA,1,5,L,22,MED,18,30,960,500,5,215,18,810.75,390.739,571.461,104.293,373.244,44,3.245,557,0,0,0,402.089,5.826,1772906866145,1772906866702,799,404.625,18
2,2,2026-03-07T18:04:11.534Z,20260307_130411,14,AREA_L_MED,44,2,3,AREA,1,5,L,22,MED,18,30,960,500,1,216,14,812.664,120.877,480,250,356.844,44,3.187,631,0,0,0,370.902,5.051,1772906867032,1772906867663,817,127.625,14
2,2,2026-03-07T18:04:11.534Z,20260307_130411,14,AREA_L_MED,44,2,3,AREA,1,5,L,22,MED,18,30,960,500,2,217,21,320.373,331.836,812.664,120.877,535.587,44,3.719,660,0,0,0,536.422,5.636,1772906867663,1772906868323,322,326.625,21
2,2,2026-03-07T18:04:11.534Z,20260307_130411,14,AREA_L_MED,44,2,3,AREA,1,5,L,22,MED,18,30,960,500,3,218,24,481.803,159.576,320.373,331.836,236.079,44,2.67,473,0,0,0,213.914,5.645,1772906868323,1772906868796,468,176.625,24
2,2,2026-03-07T18:04:11.534Z,20260307_130411,14,AREA_L_MED,44,2,3,AREA,1,5,L,22,MED,18,30,960,500,4,219,2,827.18,269.463,481.803,159.576,362.437,44,3.207,583,0,0,0,398.11,5.502,1772906868796,1772906869379,831,290.625,2
2,2,2026-03-07T18:04:11.534Z,20260307_130411,14,AREA_L_MED,44,2,3,AREA,1,5,L,22,MED,18,30,960,500,5,220,13,37.355,429.281,827.18,269.463,805.832,44,4.272,919,0,1,1,838.693,4.648,1772906869379,1772906870298,29,412.625,13
2,2,2026-03-07T18:04:11.534Z,20260307_130411,14,AREA_L_MED,45,3,3,AREA,1,5,L,22,MED,18,30,960,500,1,221,27,790.333,467.171,480,250,378.774,44,3.264,713,0,0,0,422.248,4.578,1772906870724,1772906871437,780,461.625,27
2,2,2026-03-07T18:04:11.534Z,20260307_130411,14,AREA_L_MED,45,3,3,AREA,1,5,L,22,MED,18,30,960,500,2,222,28,352.279,314.757,790.333,467.171,463.812,44,3.529,571,0,0,0,496.35,6.18,1772906871437,1772906872008,362,295.625,28
2,2,2026-03-07T18:04:11.534Z,20260307_130411,14,AREA_L_MED,45,3,3,AREA,1,5,L,22,MED,18,30,960,500,3,223,23,277.425,395.181,352.279,314.757,109.87,44,1.806,512,0,0,0,135.303,3.528,1772906872008,1772906872520,275,388.625,23
2,2,2026-03-07T18:04:11.534Z,20260307_130411,14,AREA_L_MED,45,3,3,AREA,1,5,L,22,MED,18,30,960,500,4,224,2,820.606,410.101,277.425,395.181,543.386,44,3.739,709,0,0,0,678.102,5.273,1772906872520,1772906873229,812,406.625,2
2,2,2026-03-07T18:04:11.534Z,20260307_130411,14,AREA_L_MED,45,3,3,AREA,1,5,L,22,MED,18,30,960,500,5,225,29,292.54,112.13,820.606,410.101,606.334,44,3.886,642,0,0,0,591.633,6.052,1772906873229,1772906873871,310,115.625,29
2,2,2026-03-07T18:04:11.534Z,20260307_130411,15,AREA_S_LOOSE,46,1,3,AREA,1,6,S,10,LOOSE,28,30,960,500,1,226,5,935.401,380.742,480,250,473.797,20,4.626,1088,0,0,0,659.152,4.252,1772906874250,1772906875338,935,380.625,5
2,2,2026-03-07T18:04:11.534Z,20260307_130411,15,AREA_S_LOOSE,46,1,3,AREA,1,6,S,10,LOOSE,28,30,960,500,2,227,23,444.326,92.974,935.401,380.742,569.179,20,4.881,674,0,0,0,661.969,7.241,1772906875338,1772906876012,446,97.625,23
2,2,2026-03-07T18:04:11.534Z,20260307_130411,15,AREA_S_LOOSE,46,1,3,AREA,1,6,S,10,LOOSE,28,30,960,500,3,228,15,718.024,447.377,444.326,92.974,447.786,20,4.548,689,0,0,0,466.133,6.601,1772906876012,1772906876701,721,454.625,15
2,2,2026-03-07T18:04:11.534Z,20260307_130411,15,AREA_S_LOOSE,46,1,3,AREA,1,6,S,10,LOOSE,28,30,960,500,4,229,27,41.379,79.053,718.024,447.377,770.396,20,5.305,774,0,0,0,926.922,6.853,1772906876701,1772906877475,26,83.625,27
2,2,2026-03-07T18:04:11.534Z,20260307_130411,15,AREA_S_LOOSE,46,1,3,AREA,1,6,S,10,LOOSE,28,30,960,500,5,230,25,685.181,191.078,41.379,79.053,653.476,20,5.074,722,0,0,0,680.591,7.027,1772906877475,1772906878197,691,188.625,25
2,2,2026-03-07T18:04:11.534Z,20260307_130411,15,AREA_S_LOOSE,47,2,3,AREA,1,6,S,10,LOOSE,28,30,960,500,1,231,18,792.847,342.003,480,250,326.094,20,4.113,744,0,0,0,383.826,5.528,1772906878570,1772906879314,780,334.625,18
2,2,2026-03-07T18:04:11.534Z,20260307_130411,15,AREA_S_LOOSE,47,2,3,AREA,1,6,S,10,LOOSE,28,30,960,500,2,232,17,374.563,444.186,792.847,342.003,430.584,20,4.494,629,0,0,0,404.135,7.144,1772906879314,1772906879943,392,436.625,17
2,2,2026-03-07T18:04:11.534Z,20260307_130411,15,AREA_S_LOOSE,47,2,3,AREA,1,6,S,10,LOOSE,28,30,960,500,3,233,6,181.461,40.599,374.563,444.186,447.405,20,4.547,719,0,0,0,483.675,6.324,1772906879943,1772906880662,172,47.625,6
2,2,2026-03-07T18:04:11.534Z,20260307_130411,15,AREA_S_LOOSE,47,2,3,AREA,1,6,S,10,LOOSE,28,30,960,500,4,234,16,830.343,83.905,181.461,40.599,650.326,20,5.067,1005,0,1,1,832.935,5.042,1772906880662,1772906881667,833,78.625,16
2,2,2026-03-07T18:04:11.534Z,20260307_130411,15,AREA_S_LOOSE,47,2,3,AREA,1,6,S,10,LOOSE,28,30,960,500,5,235,18,792.847,342.003,830.343,83.905,260.808,20,3.812,672,0,0,0,498.66,5.672,1772906881667,1772906882339,801,348.625,18
2,2,2026-03-07T18:04:11.534Z,20260307_130411,15,AREA_S_LOOSE,48,3,3,AREA,1,6,S,10,LOOSE,28,30,960,500,1,236,27,600.665,160.877,480,250,150.01,20,3.088,530,0,0,0,243.969,5.826,1772906882787,1772906883317,596,161.625,27
2,2,2026-03-07T18:04:11.534Z,20260307_130411,15,AREA_S_LOOSE,48,3,3,AREA,1,6,S,10,LOOSE,28,30,960,500,2,237,12,875.578,338.372,600.665,160.877,327.234,20,4.118,618,0,0,0,326.369,6.663,1772906883317,1772906883935,860,333.625,12
2,2,2026-03-07T18:04:11.534Z,20260307_130411,15,AREA_S_LOOSE,48,3,3,AREA,1,6,S,10,LOOSE,28,30,960,500,3,238,27,600.665,160.877,875.578,338.372,327.234,20,4.118,619,0,0,0,782.555,6.652,1772906883935,1772906884554,605,160.625,27
2,2,2026-03-07T18:04:11.534Z,20260307_130411,15,AREA_S_LOOSE,48,3,3,AREA,1,6,S,10,LOOSE,28,30,960,500,4,239,18,372.308,170.165,600.665,160.877,228.546,20,3.635,534,0,0,0,332.086,6.808,1772906884554,1772906885088,395,163.625,18
2,2,2026-03-07T18:04:11.534Z,20260307_130411,15,AREA_S_LOOSE,48,3,3,AREA,1,6,S,10,LOOSE,28,30,960,500,5,240,25,93.245,126.394,372.308,170.165,282.475,20,3.919,667,0,0,0,374.436,5.875,1772906885088,1772906885755,83,125.625,25
2,2,2026-03-07T18:04:11.534Z,20260307_130411,16,AREA_M_LOOSE,49,1,3,AREA,1,7,M,16,LOOSE,28,30,960,500,1,241,3,75.808,360.896,480,250,419.129,32,3.817,704,0,0,0,515.584,5.422,1772906886115,1772906886819,67,356.625,3
2,2,2026-03-07T18:04:11.534Z,20260307_130411,16,AREA_M_LOOSE,49,1,3,AREA,1,7,M,16,LOOSE,28,30,960,500,2,242,26,629.249,198.635,75.808,360.896,576.737,32,4.25,655,0,0,0,644.404,6.488,1772906886819,1772906887474,628,210.625,26
2,2,2026-03-07T18:04:11.534Z,20260307_130411,16,AREA_M_LOOSE,49,1,3,AREA,1,7,M,16,LOOSE,28,30,960,500,3,243,12,105.709,460.413,629.249,198.635,585.339,32,4.27,745,0,0,0,685.794,5.731,1772906887474,1772906888219,94,453.625,12
2,2,2026-03-07T18:04:11.534Z,20260307_130411,16,AREA_M_LOOSE,49,1,3,AREA,1,7,M,16,LOOSE,28,30,960,500,4,244,22,204.465,383.364,105.709,460.413,125.257,32,2.297,704,0,0,0,1206.717,3.263,1772906888219,1772906888923,181,391.625,22
2,2,2026-03-07T18:04:11.534Z,20260307_130411,16,AREA_M_LOOSE,49,1,3,AREA,1,7,M,16,LOOSE,28,30,960,500,5,245,15,561.655,209.858,204.465,383.364,397.101,32,3.745,844,0,1,1,442.466,4.437,1772906888923,1772906889767,566,211.625,15
2,2,2026-03-07T18:04:11.534Z,20260307_130411,16,AREA_M_LOOSE,50,2,3,AREA,1,7,M,16,LOOSE,28,30,960,500,1,246,19,536.818,287.363,480,250,68.002,32,1.644,1086,0,1,1,170.829,1.514,1772906890166,1772906891252,531,290.625,19
2,2,2026-03-07T18:04:11.534Z,20260307_130411,16,AREA_M_LOOSE,50,2,3,AREA,1,7,M,16,LOOSE,28,30,960,500,2,247,12,486.123,250.095,536.818,287.363,62.92,32,1.569,697,0,0,0,537.897,2.251,1772906891252,1772906891949,483,244.625,12
2,2,2026-03-07T18:04:11.534Z,20260307_130411,16,AREA_M_LOOSE,50,2,3,AREA,1,7,M,16,LOOSE,28,30,960,500,3,248,29,920.645,154.02,486.123,250.095,445.017,32,3.898,687,0,0,0,464.599,5.674,1772906891949,1772906892636,930,157.625,29
2,2,2026-03-07T18:04:11.534Z,20260307_130411,16,AREA_M_LOOSE,50,2,3,AREA,1,7,M,16,LOOSE,28,30,960,500,4,249,15,506.972,175.68,920.645,154.02,414.24,32,3.802,599,0,0,0,466.01,6.347,1772906892636,1772906893235,517,171.625,15
2,2,2026-03-07T18:04:11.534Z,20260307_130411,16,AREA_M_LOOSE,50,2,3,AREA,1,7,M,16,LOOSE,28,30,960,500,5,250,23,380.4,464.925,506.972,175.68,315.727,32,3.442,657,0,0,0,333.721,5.239,1772906893235,1772906893892,377,458.625,23
2,2,2026-03-07T18:04:11.534Z,20260307_130411,16,AREA_M_LOOSE,51,3,3,AREA,1,7,M,16,LOOSE,28,30,960,500,1,251,25,902.731,368.117,480,250,438.922,32,3.879,701,0,0,0,444.176,5.534,1772906894296,1772906894997,900,357.625,25
2,2,2026-03-07T18:04:11.534Z,20260307_130411,16,AREA_M_LOOSE,51,3,3,AREA,1,7,M,16,LOOSE,28,30,960,500,2,252,18,561.598,249.581,902.731,368.117,361.141,32,3.619,718,0,0,0,343.655,5.04,1772906894997,1772906895715,576,255.625,18
2,2,2026-03-07T18:04:11.534Z,20260307_130411,16,AREA_M_LOOSE,51,3,3,AREA,1,7,M,16,LOOSE,28,30,960,500,3,253,25,902.731,368.117,561.598,249.581,361.141,32,3.619,611,0,0,0,403.782,5.923,1772906895715,1772906896326,911,367.625,25
2,2,2026-03-07T18:04:11.534Z,20260307_130411,16,AREA_M_LOOSE,51,3,3,AREA,1,7,M,16,LOOSE,28,30,960,500,4,254,17,418.281,132.141,902.731,368.117,538.865,32,4.157,620,0,0,0,569.818,6.705,1772906896326,1772906896946,417,142.625,17
2,2,2026-03-07T18:04:11.534Z,20260307_130411,16,AREA_M_LOOSE,51,3,3,AREA,1,7,M,16,LOOSE,28,30,960,500,5,255,11,755.805,380.889,418.281,132.141,419.282,32,3.818,704,0,0,0,503.223,5.423,1772906896946,1772906897650,758,381.625,11
2,2,2026-03-07T18:04:11.534Z,20260307_130411,17,AREA_S_TIGHT,52,1,3,AREA,1,8,S,10,TIGHT,8,30,960,500,1,256,6,745.992,145.361,480,250,285.834,20,3.935,826,0,0,0,386.436,4.764,1772906898059,1772906898885,740,137.625,6
2,2,2026-03-07T18:04:11.534Z,20260307_130411,17,AREA_S_TIGHT,52,1,3,AREA,1,8,S,10,TIGHT,8,30,960,500,2,257,9,692.501,180.06,745.992,145.361,63.76,20,2.066,694,0,0,0,533.783,2.977,1772906898885,1772906899579,699,175.625,9
2,2,2026-03-07T18:04:11.534Z,20260307_130411,17,AREA_S_TIGHT,52,1,3,AREA,1,8,S,10,TIGHT,8,30,960,500,3,258,29,67.705,387.343,692.501,180.06,658.283,20,5.084,806,0,0,0,686.081,6.307,1772906899579,1772906900385,72,380.625,29
2,2,2026-03-07T18:04:11.534Z,20260307_130411,17,AREA_S_TIGHT,52,1,3,AREA,1,8,S,10,TIGHT,8,30,960,500,4,259,4,812.703,149.827,67.705,387.343,781.944,20,5.325,709,0,0,0,775.428,7.511,1772906900385,1772906901094,804,152.625,4
2,2,2026-03-07T18:04:11.534Z,20260307_130411,17,AREA_S_TIGHT,52,1,3,AREA,1,8,S,10,TIGHT,8,30,960,500,5,260,15,136.507,365.855,812.703,149.827,709.866,20,5.19,1163,0,1,1,830.232,4.462,1772906901094,1772906902257,141,359.625,15
2,2,2026-03-07T18:04:11.534Z,20260307_130411,17,AREA_S_TIGHT,53,2,3,AREA,1,8,S,10,TIGHT,8,30,960,500,1,261,2,752.984,75.904,480,250,323.774,20,4.103,838,0,0,0,456.244,4.897,1772906902680,1772906903518,752,77.625,2
2,2,2026-03-07T18:04:11.534Z,20260307_130411,17,AREA_S_TIGHT,53,2,3,AREA,1,8,S,10,TIGHT,8,30,960,500,2,262,20,903.421,174.438,752.984,75.904,179.834,20,3.321,726,0,0,0,423.521,4.574,1772906903518,1772906904244,904,170.625,20
2,2,2026-03-07T18:04:11.534Z,20260307_130411,17,AREA_S_TIGHT,53,2,3,AREA,1,8,S,10,TIGHT,8,30,960,500,3,263,15,341.677,138.318,903.421,174.438,562.904,20,4.865,692,0,0,0,583.471,7.031,1772906904244,1772906904936,355,136.625,15
2,2,2026-03-07T18:04:11.534Z,20260307_130411,17,AREA_S_TIGHT,53,2,3,AREA,1,8,S,10,TIGHT,8,30,960,500,4,264,17,145.077,465.221,341.677,138.318,381.467,20,4.327,848,0,0,0,475.848,5.103,1772906904936,1772906905784,154,453.625,17
2,2,2026-03-07T18:04:11.534Z,20260307_130411,17,AREA_S_TIGHT,53,2,3,AREA,1,8,S,10,TIGHT,8,30,960,500,5,265,5,544.631,59.579,145.077,465.221,569.376,20,4.881,738,0,0,0,621.563,6.614,1772906905784,1772906906522,544,51.625,5
2,2,2026-03-07T18:04:11.534Z,20260307_130411,17,AREA_S_TIGHT,54,3,3,AREA,1,8,S,10,TIGHT,8,30,960,500,1,266,4,893.386,245.636,480,250,413.409,20,4.438,815,0,0,0,440.181,5.445,1772906906979,1772906907794,886,254.625,4
2,2,2026-03-07T18:04:11.534Z,20260307_130411,17,AREA_S_TIGHT,54,3,3,AREA,1,8,S,10,TIGHT,8,30,960,500,2,267,10,382.882,163.594,893.386,245.636,517.054,20,4.747,628,0,0,0,624.496,7.559,1772906907794,1772906908422,386,154.625,10
2,2,2026-03-07T18:04:11.534Z,20260307_130411,17,AREA_S_TIGHT,54,3,3,AREA,1,8,S,10,TIGHT,8,30,960,500,3,268,13,485.628,247.853,382.882,163.594,132.877,20,2.934,1290,0,3,3,166.554,2.275,1772906908422,1772906909712,479,247.625,13
2,2,2026-03-07T18:04:11.534Z,20260307_130411,17,AREA_S_TIGHT,54,3,3,AREA,1,8,S,10,TIGHT,8,30,960,500,4,269,3,373.454,39.233,485.628,247.853,236.865,20,3.683,984,0,1,1,258.979,3.743,1772906909712,1772906910696,366,35.625,3
2,2,2026-03-07T18:04:11.534Z,20260307_130411,17,AREA_S_TIGHT,54,3,3,AREA,1,8,S,10,TIGHT,8,30,960,500,5,270,17,29.412,401.154,373.454,39.233,499.351,20,4.699,865,0,0,0,811.541,5.432,1772906910696,1772906911561,25,406.625,17
2,2,2026-03-07T18:04:11.534Z,20260307_130411,18,BUBBLE_L_TIGHT,55,1,3,BUBBLE,2,0,L,22,TIGHT,8,30,960,500,1,271,5,363.331,273.964,480,250,119.105,44,1.89,602,0,0,0,226.621,3.14,1772906912015,1772906912617,378,268.625,5
2,2,2026-03-07T18:04:11.534Z,20260307_130411,18,BUBBLE_L_TIGHT,55,1,3,BUBBLE,2,0,L,22,TIGHT,8,30,960,500,2,272,4,346.937,121.283,363.331,273.964,153.559,44,2.167,658,0,0,0,242.223,3.293,1772906912617,1772906913275,347,118.625,4
2,2,2026-03-07T18:04:11.534Z,20260307_130411,18,BUBBLE_L_TIGHT,55,1,3,BUBBLE,2,0,L,22,TIGHT,8,30,960,500,3,273,17,298.983,210.604,346.937,121.283,101.38,44,1.724,584,0,0,0,304.884,2.952,1772906913275,1772906913859,293,213.625,17
2,2,2026-03-07T18:04:11.534Z,20260307_130411,18,BUBBLE_L_TIGHT,55,1,3,BUBBLE,2,0,L,22,TIGHT,8,30,960,500,4,274,8,214.303,49.086,298.983,210.604,182.371,44,2.363,562,0,0,0,373.889,4.205,1772906913859,1772906914421,234,66.625,8
2,2,2026-03-07T18:04:11.534Z,20260307_130411,18,BUBBLE_L_TIGHT,55,1,3,BUBBLE,2,0,L,22,TIGHT,8,30,960,500,5,275,10,137.213,432.782,214.303,49.086,391.364,44,3.307,698,0,0,0,450.984,4.737,1772906914421,1772906915119,124,435.625,10
2,2,2026-03-07T18:04:11.534Z,20260307_130411,18,BUBBLE_L_TIGHT,56,2,3,BUBBLE,2,0,L,22,TIGHT,8,30,960,500,1,276,21,260.85,255.599,480,250,219.221,44,2.581,662,0,0,0,393.542,3.898,1772906915580,1772906916242,260,254.625,21
2,2,2026-03-07T18:04:11.534Z,20260307_130411,18,BUBBLE_L_TIGHT,56,2,3,BUBBLE,2,0,L,22,TIGHT,8,30,960,500,2,277,17,666.031,140.862,260.85,255.599,421.113,44,3.402,641,0,0,0,528.537,5.307,1772906916242,1772906916883,664,151.625,17
2,2,2026-03-07T18:04:11.534Z,20260307_130411,18,BUBBLE_L_TIGHT,56,2,3,BUBBLE,2,0,L,22,TIGHT,8,30,960,500,3,278,6,251.035,436.855,666.031,140.862,509.738,44,3.654,586,0,0,0,576.083,6.235,1772906916883,1772906917469,246,431.625,6
2,2,2026-03-07T18:04:11.534Z,20260307_130411,18,BUBBLE_L_TIGHT,56,2,3,BUBBLE,2,0,L,22,TIGHT,8,30,960,500,4,279,25,572.379,373.538,251.035,436.855,327.522,44,3.078,601,0,0,0,443.897,5.121,1772906917469,1772906918070,575,366.625,25
2,2,2026-03-07T18:04:11.534Z,20260307_130411,18,BUBBLE_L_TIGHT,56,2,3,BUBBLE,2,0,L,22,TIGHT,8,30,960,500,5,280,27,572.047,154.183,572.379,373.538,219.355,44,2.581,585,0,0,0,288.123,4.413,1772906918070,1772906918655,562,151.625,27
2,2,2026-03-07T18:04:11.534Z,20260307_130411,18,BUBBLE_L_TIGHT,57,3,3,BUBBLE,2,0,L,22,TIGHT,8,30,960,500,1,281,19,258.758,276.753,480,250,222.853,44,2.6,693,0,0,0,227.251,3.752,1772906919083,1772906919776,257,276.625,19
2,2,2026-03-07T18:04:11.534Z,20260307_130411,18,BUBBLE_L_TIGHT,57,3,3,BUBBLE,2,0,L,22,TIGHT,8,30,960,500,2,282,26,113.342,381.909,258.758,276.753,179.454,44,2.344,541,0,0,0,205.78,4.333,1772906919776,1772906920317,103,381.625,26
2,2,2026-03-07T18:04:11.534Z,20260307_130411,18,BUBBLE_L_TIGHT,57,3,3,BUBBLE,2,0,L,22,TIGHT,8,30,960,500,3,283,29,612.696,413.608,113.342,381.909,500.359,44,3.629,537,0,0,0,539.991,6.758,1772906920317,1772906920854,586,414.625,29
2,2,2026-03-07T18:04:11.534Z,20260307_130411,18,BUBBLE_L_TIGHT,57,3,3,BUBBLE,2,0,L,22,TIGHT,8,30,960,500,4,284,26,113.342,381.909,612.696,413.608,500.359,44,3.629,653,1,0,1,522.634,5.557,1772906920854,1772906921507,117,407.625,26
2,2,2026-03-07T18:04:11.534Z,20260307_130411,18,BUBBLE_L_TIGHT,57,3,3,BUBBLE,2,0,L,22,TIGHT,8,30,960,500,5,285,2,130.839,245.864,113.342,381.909,137.166,44,2.042,570,0,0,0,217.961,3.582,1772906921507,1772906922077,122,251.625,2
2,2,2026-03-07T18:04:11.534Z,20260307_130411,19,BUBBLE_S_MED,58,1,3,BUBBLE,2,1,S,10,MED,18,30,960,500,1,286,7,235.768,424.377,480,250,300.094,20,4,877,0,0,0,392.955,4.561,1772906922415,1772906923292,223,427.625,7
2,2,2026-03-07T18:04:11.534Z,20260307_130411,19,BUBBLE_S_MED,58,1,3,BUBBLE,2,1,S,10,MED,18,30,960,500,2,287,2,46.915,304.68,235.768,424.377,223.591,20,3.606,624,0,0,0,301,5.779,1772906923292,1772906923916,57,301.625,2
2,2,2026-03-07T18:04:11.534Z,20260307_130411,19,BUBBLE_S_MED,58,1,3,BUBBLE,2,1,S,10,MED,18,30,960,500,3,288,5,258.871,472.303,46.915,304.68,270.228,20,3.859,580,0,0,0,333.271,6.654,1772906923916,1772906924496,261,462.625,5
2,2,2026-03-07T18:04:11.534Z,20260307_130411,19,BUBBLE_S_MED,58,1,3,BUBBLE,2,1,S,10,MED,18,30,960,500,4,289,22,625.033,204.726,258.871,472.303,453.511,20,4.565,589,0,0,0,502.629,7.751,1772906924496,1772906925085,639,199.625,22
2,2,2026-03-07T18:04:11.534Z,20260307_130411,19,BUBBLE_S_MED,58,1,3,BUBBLE,2,1,S,10,MED,18,30,960,500,5,290,16,448.352,96.644,625.033,204.726,207.117,20,3.505,642,0,0,0,231.985,5.46,1772906925085,1772906925727,458,96.625,16
2,2,2026-03-07T18:04:11.534Z,20260307_130411,19,BUBBLE_S_MED,59,2,3,BUBBLE,2,1,S,10,MED,18,30,960,500,1,291,20,323.386,153.424,480,250,183.997,20,3.35,781,0,0,0,358.536,4.29,1772906926137,1772906926918,329,150.625,20
2,2,2026-03-07T18:04:11.534Z,20260307_130411,19,BUBBLE_S_MED,59,2,3,BUBBLE,2,1,S,10,MED,18,30,960,500,2,292,6,755.781,177.323,323.386,153.424,433.055,20,4.502,556,0,0,0,435.06,8.096,1772906926918,1772906927474,737,193.625,6
2,2,2026-03-07T18:04:11.534Z,20260307_130411,19,BUBBLE_S_MED,59,2,3,BUBBLE,2,1,S,10,MED,18,30,960,500,3,293,23,282.995,99.04,755.781,177.323,479.224,20,4.642,758,0,0,0,543.968,6.124,1772906927474,1772906928232,279,105.625,23
2,2,2026-03-07T18:04:11.534Z,20260307_130411,19,BUBBLE_S_MED,59,2,3,BUBBLE,2,1,S,10,MED,18,30,960,500,4,294,14,204.555,164.084,282.995,99.04,101.899,20,2.608,581,0,0,0,399.42,4.488,1772906928232,1772906928813,210,171.625,14
2,2,2026-03-07T18:04:11.534Z,20260307_130411,19,BUBBLE_S_MED,59,2,3,BUBBLE,2,1,S,10,MED,18,30,960,500,5,295,12,725.438,324.836,204.555,164.084,545.124,20,4.82,767,0,0,0,557.214,6.285,1772906928813,1772906929580,705,322.625,12
2,2,2026-03-07T18:04:11.534Z,20260307_130411,19,BUBBLE_S_MED,60,3,3,BUBBLE,2,1,S,10,MED,18,30,960,500,1,296,3,35.917,272.721,480,250,444.664,20,4.538,680,0,0,0,339.773,6.674,1772906930023,1772906930703,69,290.625,3
2,2,2026-03-07T18:04:11.534Z,20260307_130411,19,BUBBLE_S_MED,60,3,3,BUBBLE,2,1,S,10,MED,18,30,960,500,2,297,23,902.179,404.604,35.917,272.721,876.244,20,5.486,774,0,0,0,873.613,7.088,1772906930703,1772906931477,885,410.625,23
2,2,2026-03-07T18:04:11.534Z,20260307_130411,19,BUBBLE_S_MED,60,3,3,BUBBLE,2,1,S,10,MED,18,30,960,500,3,298,22,299.301,60.211,902.179,404.604,694.312,20,5.158,683,0,0,0,662.447,7.553,1772906931477,1772906932160,326,84.625,22
2,2,2026-03-07T18:04:11.534Z,20260307_130411,19,BUBBLE_S_MED,60,3,3,BUBBLE,2,1,S,10,MED,18,30,960,500,4,299,21,179.749,431.371,299.301,60.211,389.939,20,4.357,665,0,0,0,491.849,6.552,1772906932160,1772906932825,170,419.625,21
2,2,2026-03-07T18:04:11.534Z,20260307_130411,19,BUBBLE_S_MED,60,3,3,BUBBLE,2,1,S,10,MED,18,30,960,500,5,300,18,234.716,101.611,179.749,431.371,334.309,20,4.147,704,0,0,0,713.578,5.891,1772906932825,1772906933529,222,110.625,18
2,2,2026-03-07T18:04:11.534Z,20260307_130411,20,BUBBLE_M_LOOSE,61,1,3,BUBBLE,2,2,M,16,LOOSE,28,30,960,500,1,301,22,810.311,82.854,480,250,370.194,32,3.652,793,0,0,0,493.685,4.605,1772906933890,1772906934683,793,85.625,22
2,2,2026-03-07T18:04:11.534Z,20260307_130411,20,BUBBLE_M_LOOSE,61,1,3,BUBBLE,2,2,M,16,LOOSE,28,30,960,500,2,302,26,42.329,309.946,810.311,82.854,800.854,32,4.702,671,0,0,0,810.173,7.007,1772906934683,1772906935354,42,304.625,26
2,2,2026-03-07T18:04:11.534Z,20260307_130411,20,BUBBLE_M_LOOSE,61,1,3,BUBBLE,2,2,M,16,LOOSE,28,30,960,500,3,303,5,411.316,346.268,42.329,309.946,370.77,32,3.654,553,0,0,0,634.575,6.607,1772906935354,1772906935907,408,346.625,5
2,2,2026-03-07T18:04:11.534Z,20260307_130411,20,BUBBLE_M_LOOSE,61,1,3,BUBBLE,2,2,M,16,LOOSE,28,30,960,500,4,304,10,585.636,181.621,411.316,346.268,239.783,32,3.086,527,0,0,0,244.216,5.856,1772906935907,1772906936434,603,212.625,10
2,2,2026-03-07T18:04:11.534Z,20260307_130411,20,BUBBLE_M_LOOSE,61,1,3,BUBBLE,2,2,M,16,LOOSE,28,30,960,500,5,305,22,810.311,82.854,585.636,181.621,245.427,32,3.116,532,0,0,0,322.262,5.857,1772906936434,1772906936966,804,92.625,22
2,2,2026-03-07T18:04:11.534Z,20260307_130411,20,BUBBLE_M_LOOSE,62,2,3,BUBBLE,2,2,M,16,LOOSE,28,30,960,500,1,306,22,345.947,168.763,480,250,156.747,32,2.56,572,0,0,0,128.63,4.476,1772906937352,1772906937924,346,172.625,22
2,2,2026-03-07T18:04:11.534Z,20260307_130411,20,BUBBLE_M_LOOSE,62,2,3,BUBBLE,2,2,M,16,LOOSE,28,30,960,500,2,307,3,838.134,267.757,345.947,168.763,502.044,32,4.061,596,0,0,0,583.544,6.813,1772906937924,1772906938520,826,273.625,3
2,2,2026-03-07T18:04:11.534Z,20260307_130411,20,BUBBLE_M_LOOSE,62,2,3,BUBBLE,2,2,M,16,LOOSE,28,30,960,500,3,308,1,214.22,193.228,838.134,267.757,628.35,32,4.367,538,0,0,0,675.401,8.117,1772906938520,1772906939058,206,191.625,1
2,2,2026-03-07T18:04:11.534Z,20260307_130411,20,BUBBLE_M_LOOSE,62,2,3,BUBBLE,2,2,M,16,LOOSE,28,30,960,500,4,309,2,564.469,130.537,214.22,193.228,355.816,32,3.599,474,0,0,0,372.554,7.593,1772906939058,1772906939532,566,148.625,2
2,2,2026-03-07T18:04:11.534Z,20260307_130411,20,BUBBLE_M_LOOSE,62,2,3,BUBBLE,2,2,M,16,LOOSE,28,30,960,500,5,310,28,90.892,405.72,564.469,130.537,547.724,32,4.179,582,0,0,0,526.86,7.181,1772906939532,1772906940114,118,384.625,28
2,2,2026-03-07T18:04:11.534Z,20260307_130411,20,BUBBLE_M_LOOSE,63,3,3,BUBBLE,2,2,M,16,LOOSE,28,30,960,500,1,311,1,215.513,327.919,480,250,275.725,32,3.265,608,0,0,0,255.95,5.371,1772906940543,1772906941151,217,344.625,1
2,2,2026-03-07T18:04:11.534Z,20260307_130411,20,BUBBLE_M_LOOSE,63,3,3,BUBBLE,2,2,M,16,LOOSE,28,30,960,500,2,312,16,826.809,343.575,215.513,327.919,611.496,32,4.33,694,0,0,0,589.944,6.239,1772906941151,1772906941845,797,344.625,16
2,2,2026-03-07T18:04:11.534Z,20260307_130411,20,BUBBLE_M_LOOSE,63,3,3,BUBBLE,2,2,M,16,LOOSE,28,30,960,500,3,313,15,29.89,239.593,826.809,343.575,803.674,32,4.707,702,0,0,0,779.44,6.705,1772906941845,1772906942547,35,230.625,15
2,2,2026-03-07T18:04:11.534Z,20260307_130411,20,BUBBLE_M_LOOSE,63,3,3,BUBBLE,2,2,M,16,LOOSE,28,30,960,500,4,314,26,132.903,327.33,29.89,239.593,135.313,32,2.386,627,0,0,0,792.23,3.806,1772906942547,1772906943174,144,310.625,26
2,2,2026-03-07T18:04:11.534Z,20260307_130411,20,BUBBLE_M_LOOSE,63,3,3,BUBBLE,2,2,M,16,LOOSE,28,30,960,500,5,315,14,724.842,418.089,132.903,327.33,598.856,32,4.301,585,0,0,0,613.207,7.352,1772906943174,1772906943759,729,413.625,14
2,2,2026-03-07T18:04:11.534Z,20260307_130411,21,BUBBLE_S_LOOSE,64,1,3,BUBBLE,2,3,S,10,LOOSE,28,30,960,500,1,316,4,817.841,474.541,480,250,405.654,20,4.412,1042,0,0,0,891.704,4.234,1772906944171,1772906945213,806,466.625,4
2,2,2026-03-07T18:04:11.534Z,20260307_130411,21,BUBBLE_S_LOOSE,64,1,3,BUBBLE,2,3,S,10,LOOSE,28,30,960,500,2,317,19,551.247,144.976,817.841,474.541,423.894,20,4.472,722,0,0,0,437.805,6.194,1772906945213,1772906945935,549,142.625,19
2,2,2026-03-07T18:04:11.534Z,20260307_130411,21,BUBBLE_S_LOOSE,64,1,3,BUBBLE,2,3,S,10,LOOSE,28,30,960,500,3,318,27,34.482,386.417,551.247,144.976,570.386,20,4.884,654,0,0,0,597.053,7.467,1772906945935,1772906946589,39,373.625,27
2,2,2026-03-07T18:04:11.534Z,20260307_130411,21,BUBBLE_S_LOOSE,64,1,3,BUBBLE,2,3,S,10,LOOSE,28,30,960,500,4,319,2,546.476,382.606,34.482,386.417,512.009,20,4.733,632,0,0,0,500.002,7.49,1772906946589,1772906947221,522,390.625,2
2,2,2026-03-07T18:04:11.534Z,20260307_130411,21,BUBBLE_S_LOOSE,64,1,3,BUBBLE,2,3,S,10,LOOSE,28,30,960,500,5,320,0,905.468,447.018,546.476,382.606,364.724,20,4.266,660,0,0,0,622.188,6.463,1772906947221,1772906947881,887,439.625,0
2,2,2026-03-07T18:04:11.534Z,20260307_130411,21,BUBBLE_S_LOOSE,65,2,3,BUBBLE,2,3,S,10,LOOSE,28,30,960,500,1,321,25,295.103,229.905,480,250,185.986,20,3.364,570,0,0,0,297.609,5.903,1772906948248,1772906948818,309,230.625,25
2,2,2026-03-07T18:04:11.534Z,20260307_130411,21,BUBBLE_S_LOOSE,65,2,3,BUBBLE,2,3,S,10,LOOSE,28,30,960,500,2,322,3,583.184,366.112,295.103,229.905,318.658,20,4.082,705,0,0,0,685.671,5.79,1772906948818,1772906949523,569,362.625,3
2,2,2026-03-07T18:04:11.534Z,20260307_130411,21,BUBBLE_S_LOOSE,65,2,3,BUBBLE,2,3,S,10,LOOSE,28,30,960,500,3,323,16,449.063,156.224,583.184,366.112,249.082,20,3.75,583,0,0,0,496.833,6.432,1772906949523,1772906950106,440,148.625,16
2,2,2026-03-07T18:04:11.534Z,20260307_130411,21,BUBBLE_S_LOOSE,65,2,3,BUBBLE,2,3,S,10,LOOSE,28,30,960,500,4,324,24,371.028,261.999,449.063,156.224,131.445,20,2.921,473,0,0,0,230.088,6.175,1772906950106,1772906950579,356,263.625,24
2,2,2026-03-07T18:04:11.534Z,20260307_130411,21,BUBBLE_S_LOOSE,65,2,3,BUBBLE,2,3,S,10,LOOSE,28,30,960,500,5,325,2,574.648,419.807,371.028,261.999,257.612,20,3.795,558,0,0,0,323.576,6.801,1772906950579,1772906951137,600,408.625,2
2,2,2026-03-07T18:04:11.534Z,20260307_130411,21,BUBBLE_S_LOOSE,66,3,3,BUBBLE,2,3,S,10,LOOSE,28,30,960,500,1,326,15,294.375,249.241,480,250,185.627,20,3.362,567,0,0,0,352.399,5.929,1772906951540,1772906952107,299,249.625,15
2,2,2026-03-07T18:04:11.534Z,20260307_130411,21,BUBBLE_S_LOOSE,66,3,3,BUBBLE,2,3,S,10,LOOSE,28,30,960,500,2,327,24,898.686,210.154,294.375,249.241,605.574,20,4.967,797,0,0,0,606.367,6.232,1772906952107,1772906952904,899,213.625,24
2,2,2026-03-07T18:04:11.534Z,20260307_130411,21,BUBBLE_S_LOOSE,66,3,3,BUBBLE,2,3,S,10,LOOSE,28,30,960,500,3,328,4,627.758,25.438,898.686,210.154,327.906,20,4.121,736,0,0,0,969.21,5.599,1772906952904,1772906953640,628,41.625,4
2,2,2026-03-07T18:04:11.534Z,20260307_130411,21,BUBBLE_S_LOOSE,66,3,3,BUBBLE,2,3,S,10,LOOSE,28,30,960,500,4,329,7,894.023,313.544,627.758,25.438,392.304,20,4.366,667,0,0,0,554.956,6.545,1772906953640,1772906954307,881,311.625,7
2,2,2026-03-07T18:04:11.534Z,20260307_130411,21,BUBBLE_S_LOOSE,66,3,3,BUBBLE,2,3,S,10,LOOSE,28,30,960,500,5,330,24,898.686,210.154,894.023,313.544,103.495,20,2.626,635,0,0,0,903.906,4.136,1772906954307,1772906954942,881,210.625,24
2,2,2026-03-07T18:04:11.534Z,20260307_130411,22,BUBBLE_L_LOOSE,67,1,3,BUBBLE,2,4,L,22,LOOSE,28,30,960,500,1,331,15,267.895,339.808,480,250,230.335,44,2.64,584,0,0,0,244.289,4.521,1772906955271,1772906955855,228,326.625,15
2,2,2026-03-07T18:04:11.534Z,20260307_130411,22,BUBBLE_L_LOOSE,67,1,3,BUBBLE,2,4,L,22,LOOSE,28,30,960,500,2,332,16,822.961,263.903,267.895,339.808,560.232,44,3.78,777,0,0,0,576.838,4.864,1772906955855,1772906956632,790,267.625,16
2,2,2026-03-07T18:04:11.534Z,20260307_130411,22,BUBBLE_L_LOOSE,67,1,3,BUBBLE,2,4,L,22,LOOSE,28,30,960,500,3,333,8,403.05,210.907,822.961,263.903,423.241,44,3.409,617,0,0,0,375.081,5.524,1772906956632,1772906957249,426,208.625,8
2,2,2026-03-07T18:04:11.534Z,20260307_130411,22,BUBBLE_L_LOOSE,67,1,3,BUBBLE,2,4,L,22,LOOSE,28,30,960,500,4,334,26,454.859,421.452,403.05,210.907,216.825,44,2.568,576,0,0,0,382.28,4.457,1772906957249,1772906957825,425,404.625,26
2,2,2026-03-07T18:04:11.534Z,20260307_130411,22,BUBBLE_L_LOOSE,67,1,3,BUBBLE,2,4,L,22,LOOSE,28,30,960,500,5,335,5,308.542,407.846,454.859,421.452,146.948,44,2.118,623,0,0,0,444.542,3.399,1772906957825,1772906958448,298,407.625,5
2,2,2026-03-07T18:04:11.534Z,20260307_130411,22,BUBBLE_L_LOOSE,68,2,3,BUBBLE,2,4,L,22,LOOSE,28,30,960,500,1,336,18,380.71,70.645,480,250,205.004,44,2.501,602,0,0,0,255.331,4.154,1772906958818,1772906959420,380,68.625,18
2,2,2026-03-07T18:04:11.534Z,20260307_130411,22,BUBBLE_L_LOOSE,68,2,3,BUBBLE,2,4,L,22,LOOSE,28,30,960,500,2,337,7,375.036,382.009,380.71,70.645,311.416,44,3.014,517,0,0,0,371.288,5.83,1772906959420,1772906959937,359,379.625,7
2,2,2026-03-07T18:04:11.534Z,20260307_130411,22,BUBBLE_L_LOOSE,68,2,3,BUBBLE,2,4,L,22,LOOSE,28,30,960,500,3,338,26,100.71,384.615,375.036,382.009,274.338,44,2.855,554,0,0,0,363.777,5.153,1772906959937,1772906960491,74,376.625,26
2,2,2026-03-07T18:04:11.534Z,20260307_130411,22,BUBBLE_L_LOOSE,68,2,3,BUBBLE,2,4,L,22,LOOSE,28,30,960,500,4,339,29,737.896,457.06,100.71,384.615,641.291,44,3.961,599,0,0,0,677.706,6.613,1772906960491,1772906961090,728,454.625,29
2,2,2026-03-07T18:04:11.534Z,20260307_130411,22,BUBBLE_L_LOOSE,68,2,3,BUBBLE,2,4,L,22,LOOSE,28,30,960,500,5,340,6,472.562,36.139,737.896,457.06,497.57,44,3.622,552,0,0,0,490.229,6.561,1772906961090,1772906961642,496,39.625,6
2,2,2026-03-07T18:04:11.534Z,20260307_130411,22,BUBBLE_L_LOOSE,69,3,3,BUBBLE,2,4,L,22,LOOSE,28,30,960,500,1,341,9,722.416,182.453,480,250,251.651,44,2.748,632,0,0,0,347.246,4.349,1772906961994,1772906962626,703,187.625,9
2,2,2026-03-07T18:04:11.534Z,20260307_130411,22,BUBBLE_L_LOOSE,69,3,3,BUBBLE,2,4,L,22,LOOSE,28,30,960,500,2,342,25,314.71,212.34,722.416,182.453,408.8,44,3.363,571,0,0,0,461.516,5.89,1772906962626,1772906963197,306,229.625,25
2,2,2026-03-07T18:04:11.534Z,20260307_130411,22,BUBBLE_L_LOOSE,69,3,3,BUBBLE,2,4,L,22,LOOSE,28,30,960,500,3,343,24,233.584,370.997,314.71,212.34,178.194,44,2.336,504,0,0,0,210.236,4.635,1772906963197,1772906963701,231,393.625,24
2,2,2026-03-07T18:04:11.534Z,20260307_130411,22,BUBBLE_L_LOOSE,69,3,3,BUBBLE,2,4,L,22,LOOSE,28,30,960,500,4,344,9,722.416,182.453,233.584,370.997,523.933,44,3.69,642,0,0,0,582.899,5.748,1772906963702,1772906964344,711,194.625,9
2,2,2026-03-07T18:04:11.534Z,20260307_130411,22,BUBBLE_L_LOOSE,69,3,3,BUBBLE,2,4,L,22,LOOSE,28,30,960,500,5,345,10,552.324,70.341,722.416,182.453,203.717,44,2.493,509,0,0,0,232.528,4.898,1772906964344,1772906964853,522,74.625,10
2,2,2026-03-07T18:04:11.534Z,20260307_130411,23,BUBBLE_M_MED,70,1,3,BUBBLE,2,5,M,16,MED,18,30,960,500,1,346,0,536.258,258.19,480,250,56.851,32,1.473,531,0,0,0,150.812,2.775,1772906965280,1772906965811,499,268.625,0
2,2,2026-03-07T18:04:11.534Z,20260307_130411,23,BUBBLE_M_MED,70,1,3,BUBBLE,2,5,M,16,MED,18,30,960,500,2,347,26,39.358,470.517,536.258,258.19,540.363,32,4.161,658,0,0,0,534.835,6.323,1772906965811,1772906966469,24,461.625,26
2,2,2026-03-07T18:04:11.534Z,20260307_130411,23,BUBBLE_M_MED,70,1,3,BUBBLE,2,5,M,16,MED,18,30,960,500,3,348,0,536.258,258.19,39.358,470.517,540.363,32,4.161,620,0,0,0,624.395,6.711,1772906966469,1772906967089,563,260.625,0
2,2,2026-03-07T18:04:11.534Z,20260307_130411,23,BUBBLE_M_MED,70,1,3,BUBBLE,2,5,M,16,MED,18,30,960,500,4,349,7,432.283,181.7,536.258,258.19,129.08,32,2.332,494,0,0,0,194.131,4.72,1772906967089,1772906967583,400,167.625,7
2,2,2026-03-07T18:04:11.534Z,20260307_130411,23,BUBBLE_M_MED,70,1,3,BUBBLE,2,5,M,16,MED,18,30,960,500,5,350,25,530.441,72.233,432.283,181.7,147.032,32,2.484,457,0,0,0,214.908,5.436,1772906967584,1772906968041,536,49.625,25
2,2,2026-03-07T18:04:11.534Z,20260307_130411,23,BUBBLE_M_MED,71,2,3,BUBBLE,2,5,M,16,MED,18,30,960,500,1,351,19,757.209,133.421,480,250,300.725,32,3.378,914,0,0,0,243.563,3.696,1772906968418,1772906969332,735,124.625,19
2,2,2026-03-07T18:04:11.534Z,20260307_130411,23,BUBBLE_M_MED,71,2,3,BUBBLE,2,5,M,16,MED,18,30,960,500,2,352,0,180.216,130.007,757.209,133.421,577.003,32,4.25,707,0,0,0,593.367,6.012,1772906969332,1772906970039,197,139.625,0
2,2,2026-03-07T18:04:11.534Z,20260307_130411,23,BUBBLE_M_MED,71,2,3,BUBBLE,2,5,M,16,MED,18,30,960,500,3,353,11,518.703,402.335,180.216,130.007,434.438,32,3.866,563,0,0,0,425.152,6.866,1772906970039,1772906970602,507,406.625,11
2,2,2026-03-07T18:04:11.534Z,20260307_130411,23,BUBBLE_M_MED,71,2,3,BUBBLE,2,5,M,16,MED,18,30,960,500,4,354,5,582.768,171.907,518.703,402.335,239.168,32,3.083,461,0,0,0,256.096,6.688,1772906970602,1772906971063,559,169.625,5
2,2,2026-03-07T18:04:11.534Z,20260307_130411,23,BUBBLE_M_MED,71,2,3,BUBBLE,2,5,M,16,MED,18,30,960,500,5,355,24,855.421,224.62,582.768,171.907,277.702,32,3.275,595,0,0,0,408.06,5.504,1772906971063,1772906971658,849,215.625,24
2,2,2026-03-07T18:04:11.534Z,20260307_130411,23,BUBBLE_M_MED,72,3,3,BUBBLE,2,5,M,16,MED,18,30,960,500,1,356,7,844.521,117.069,480,250,388.003,32,3.714,581,0,0,0,273.701,6.393,1772906972398,1772906972979,832,119.625,7
2,2,2026-03-07T18:04:11.534Z,20260307_130411,23,BUBBLE_M_MED,72,3,3,BUBBLE,2,5,M,16,MED,18,30,960,500,2,357,1,536.945,231.349,844.521,117.069,328.12,32,3.492,559,0,0,0,308.419,6.247,1772906972979,1772906973538,573,233.625,1
2,2,2026-03-07T18:04:11.534Z,20260307_130411,23,BUBBLE_M_MED,72,3,3,BUBBLE,2,5,M,16,MED,18,30,960,500,3,358,5,704.087,435.183,536.945,231.349,263.6,32,3.208,550,0,0,0,315.393,5.832,1772906973538,1772906974088,702,459.625,5
2,2,2026-03-07T18:04:11.534Z,20260307_130411,23,BUBBLE_M_MED,72,3,3,BUBBLE,2,5,M,16,MED,18,30,960,500,4,359,8,802.237,177.982,704.087,435.183,275.292,32,3.263,518,0,0,0,301.413,6.3,1772906974088,1772906974606,776,182.625,8
2,2,2026-03-07T18:04:11.534Z,20260307_130411,23,BUBBLE_M_MED,72,3,3,BUBBLE,2,5,M,16,MED,18,30,960,500,5,360,13,151.03,33.697,802.237,177.982,667,32,4.449,672,0,0,0,697.18,6.621,1772906974606,1772906975278,160,47.625,13
2,2,2026-03-07T18:04:11.534Z,20260307_130411,24,BUBBLE_S_TIGHT,73,1,3,BUBBLE,2,6,S,10,TIGHT,8,30,960,500,1,361,26,160.323,39.415,480,250,382.805,20,4.332,924,0,0,0,551.554,4.688,1772906975667,1772906976591,163,43.625,26
2,2,2026-03-07T18:04:11.534Z,20260307_130411,24,BUBBLE_S_TIGHT,73,1,3,BUBBLE,2,6,S,10,TIGHT,8,30,960,500,2,362,17,518.557,435.986,160.323,39.415,534.417,20,4.793,685,0,0,0,617.145,6.997,1772906976591,1772906977276,513,435.625,17
2,2,2026-03-07T18:04:11.534Z,20260307_130411,24,BUBBLE_S_TIGHT,73,1,3,BUBBLE,2,6,S,10,TIGHT,8,30,960,500,3,363,1,160.268,351.631,518.557,435.986,368.085,20,4.278,619,0,0,0,633.581,6.912,1772906977276,1772906977895,162,360.625,1
2,2,2026-03-07T18:04:11.534Z,20260307_130411,24,BUBBLE_S_TIGHT,73,1,3,BUBBLE,2,6,S,10,TIGHT,8,30,960,500,4,364,6,615.333,359.943,160.268,351.631,455.141,20,4.57,502,0,0,0,476.682,9.104,1772906977895,1772906978397,626,367.625,6
2,2,2026-03-07T18:04:11.534Z,20260307_130411,24,BUBBLE_S_TIGHT,73,1,3,BUBBLE,2,6,S,10,TIGHT,8,30,960,500,5,365,17,518.557,435.986,615.333,359.943,123.078,20,2.839,572,0,0,0,218.054,4.963,1772906978397,1772906978969,504,413.625,17
2,2,2026-03-07T18:04:11.534Z,20260307_130411,24,BUBBLE_S_TIGHT,74,2,3,BUBBLE,2,6,S,10,TIGHT,8,30,960,500,1,366,16,239.58,458.193,480,250,318.034,20,4.079,913,0,0,0,717.153,4.468,1772906979319,1772906980232,223,443.625,16
2,2,2026-03-07T18:04:11.534Z,20260307_130411,24,BUBBLE_S_TIGHT,74,2,3,BUBBLE,2,6,S,10,TIGHT,8,30,960,500,2,367,12,754.649,194.431,239.58,458.193,578.676,20,4.904,588,0,0,0,580.115,8.34,1772906980232,1772906980820,716,215.625,12
2,2,2026-03-07T18:04:11.534Z,20260307_130411,24,BUBBLE_S_TIGHT,74,2,3,BUBBLE,2,6,S,10,TIGHT,8,30,960,500,3,368,22,478.126,49.765,754.649,194.431,312.079,20,4.053,626,0,0,0,439.545,6.475,1772906980820,1772906981446,467,51.625,22
2,2,2026-03-07T18:04:11.534Z,20260307_130411,24,BUBBLE_S_TIGHT,74,2,3,BUBBLE,2,6,S,10,TIGHT,8,30,960,500,4,369,6,453.965,371.092,478.126,49.765,322.234,20,4.097,511,0,0,0,353.9,8.017,1772906981446,1772906981957,449,376.625,6
2,2,2026-03-07T18:04:11.534Z,20260307_130411,24,BUBBLE_S_TIGHT,74,2,3,BUBBLE,2,6,S,10,TIGHT,8,30,960,500,5,370,11,386.245,308.714,453.965,371.092,92.071,20,2.486,507,0,0,0,496.706,4.904,1772906981957,1772906982464,355,304.625,11
2,2,2026-03-07T18:04:11.534Z,20260307_130411,24,BUBBLE_S_TIGHT,75,3,3,BUBBLE,2,6,S,10,TIGHT,8,30,960,500,1,371,15,858.702,382.686,480,250,401.273,20,4.397,627,0,0,0,356.184,7.012,1772906982806,1772906983433,826,376.625,15
2,2,2026-03-07T18:04:11.534Z,20260307_130411,24,BUBBLE_S_TIGHT,75,3,3,BUBBLE,2,6,S,10,TIGHT,8,30,960,500,2,372,20,313.311,248.274,858.702,382.686,561.709,20,4.862,591,0,0,0,610.956,8.227,1772906983433,1772906984024,327,249.625,20
2,2,2026-03-07T18:04:11.534Z,20260307_130411,24,BUBBLE_S_TIGHT,75,3,3,BUBBLE,2,6,S,10,TIGHT,8,30,960,500,3,373,23,182.927,299.747,313.311,248.274,140.177,20,3.002,522,0,0,0,360.641,5.75,1772906984024,1772906984546,184,290.625,23
2,2,2026-03-07T18:04:11.534Z,20260307_130411,24,BUBBLE_S_TIGHT,75,3,3,BUBBLE,2,6,S,10,TIGHT,8,30,960,500,4,374,3,751.725,228.774,182.927,299.747,573.209,20,4.89,560,0,0,0,620.546,8.733,1772906984546,1772906985106,739,249.625,3
2,2,2026-03-07T18:04:11.534Z,20260307_130411,24,BUBBLE_S_TIGHT,75,3,3,BUBBLE,2,6,S,10,TIGHT,8,30,960,500,5,375,8,875.485,319.41,751.725,228.774,153.399,20,3.116,464,0,0,0,168.667,6.716,1772906985106,1772906985570,865,305.625,8
2,2,2026-03-07T18:04:11.534Z,20260307_130411,25,BUBBLE_L_MED,76,1,3,BUBBLE,2,7,L,22,MED,18,30,960,500,1,376,0,392.932,214.126,480,250,94.169,44,1.651,531,0,0,0,167.068,3.109,1772906985955,1772906986486,389,216.625,0
2,2,2026-03-07T18:04:11.534Z,20260307_130411,25,BUBBLE_L_MED,76,1,3,BUBBLE,2,7,L,22,MED,18,30,960,500,2,377,8,743.438,344.105,392.932,214.126,373.83,44,3.247,492,0,0,0,415.316,6.6,1772906986486,1772906986978,764,344.625,8
2,2,2026-03-07T18:04:11.534Z,20260307_130411,25,BUBBLE_L_MED,76,1,3,BUBBLE,2,7,L,22,MED,18,30,960,500,3,378,18,78.213,416.931,743.438,344.105,669.199,44,4.019,661,0,0,0,685.297,6.08,1772906986978,1772906987639,117,407.625,18
2,2,2026-03-07T18:04:11.534Z,20260307_130411,25,BUBBLE_L_MED,76,1,3,BUBBLE,2,7,L,22,MED,18,30,960,500,4,379,7,253.619,335.103,78.213,416.931,193.553,44,2.433,583,0,0,0,622.979,4.173,1772906987639,1772906988222,240,338.625,7
2,2,2026-03-07T18:04:11.534Z,20260307_130411,25,BUBBLE_L_MED,76,1,3,BUBBLE,2,7,L,22,MED,18,30,960,500,5,380,9,224.93,60.156,253.619,335.103,276.439,44,2.864,591,0,0,0,529.32,4.847,1772906988222,1772906988813,235,90.625,9
2,2,2026-03-07T18:04:11.534Z,20260307_130411,25,BUBBLE_L_MED,77,2,3,BUBBLE,2,7,L,22,MED,18,30,960,500,1,381,18,104.798,383.563,480,250,398.266,44,3.329,688,0,0,0,518.491,4.839,1772906989184,1772906989872,116,358.625,18
2,2,2026-03-07T18:04:11.534Z,20260307_130411,25,BUBBLE_L_MED,77,2,3,BUBBLE,2,7,L,22,MED,18,30,960,500,2,382,28,792.906,273.739,104.798,383.563,696.817,44,4.074,522,0,0,0,650.729,7.804,1772906989872,1772906990394,752,282.625,28
2,2,2026-03-07T18:04:11.534Z,20260307_130411,25,BUBBLE_L_MED,77,2,3,BUBBLE,2,7,L,22,MED,18,30,960,500,3,383,2,453.555,456.157,792.906,273.739,385.273,44,3.286,561,0,0,0,381.967,5.858,1772906990394,1772906990955,459,432.625,2
2,2,2026-03-07T18:04:11.534Z,20260307_130411,25,BUBBLE_L_MED,77,2,3,BUBBLE,2,7,L,22,MED,18,30,960,500,4,384,16,56.325,437.163,453.555,456.157,397.683,44,3.327,922,1,0,1,675.808,3.609,1772906990955,1772906991877,60,421.625,16
2,2,2026-03-07T18:04:11.534Z,20260307_130411,25,BUBBLE_L_MED,77,2,3,BUBBLE,2,7,L,22,MED,18,30,960,500,5,385,10,121.802,222.244,56.325,437.163,224.672,44,2.61,589,0,0,0,799.407,4.432,1772906991877,1772906992466,123,226.625,10
2,2,2026-03-07T18:04:11.534Z,20260307_130411,25,BUBBLE_L_MED,78,3,3,BUBBLE,2,7,L,22,MED,18,30,960,500,1,386,5,112.476,450.48,480,250,418.648,44,3.394,630,0,0,0,459.574,5.388,1772906992795,1772906993425,133,425.625,5
2,2,2026-03-07T18:04:11.534Z,20260307_130411,25,BUBBLE_L_MED,78,3,3,BUBBLE,2,7,L,22,MED,18,30,960,500,2,387,25,149.914,38.83,112.476,450.48,413.349,44,3.378,565,0,0,0,817.455,5.978,1772906993425,1772906993990,121,40.625,25
2,2,2026-03-07T18:04:11.534Z,20260307_130411,25,BUBBLE_L_MED,78,3,3,BUBBLE,2,7,L,22,MED,18,30,960,500,3,388,21,586.501,414.397,149.914,38.83,575.898,44,3.816,566,0,0,0,661.505,6.743,1772906993990,1772906994556,610,400.625,21
2,2,2026-03-07T18:04:11.534Z,20260307_130411,25,BUBBLE_L_MED,78,3,3,BUBBLE,2,7,L,22,MED,18,30,960,500,4,389,27,538.168,235.236,586.501,414.397,185.566,44,2.383,411,0,0,0,204.523,5.799,1772906994556,1772906994967,521,221.625,27
2,2,2026-03-07T18:04:11.534Z,20260307_130411,25,BUBBLE_L_MED,78,3,3,BUBBLE,2,7,L,22,MED,18,30,960,500,5,390,2,375.118,37.053,538.168,235.236,256.636,44,2.772,545,0,0,0,560.825,5.087,1772906994967,1772906995512,382,40.625,2
2,2,2026-03-07T18:04:11.534Z,20260307_130411,26,BUBBLE_M_TIGHT,79,1,3,BUBBLE,2,8,M,16,TIGHT,8,30,960,500,1,391,28,325.302,437.083,480,250,242.759,32,3.102,651,0,0,0,365.764,4.765,1772906995911,1772906996562,323,439.625,28
2,2,2026-03-07T18:04:11.534Z,20260307_130411,26,BUBBLE_M_TIGHT,79,1,3,BUBBLE,2,8,M,16,TIGHT,8,30,960,500,2,392,4,748.024,388.76,325.302,437.083,425.475,32,3.838,679,0,0,0,562.657,5.652,1772906996562,1772906997241,771,392.625,4
2,2,2026-03-07T18:04:11.534Z,20260307_130411,26,BUBBLE_M_TIGHT,79,1,3,BUBBLE,2,8,M,16,TIGHT,8,30,960,500,3,393,7,714.755,205.328,748.024,388.76,186.425,32,2.771,619,0,0,0,514.364,4.477,1772906997241,1772906997860,725,202.625,7
2,2,2026-03-07T18:04:11.534Z,20260307_130411,26,BUBBLE_M_TIGHT,79,1,3,BUBBLE,2,8,M,16,TIGHT,8,30,960,500,4,394,28,325.302,437.083,714.755,205.328,453.193,32,3.922,562,0,0,0,514.025,6.979,1772906997860,1772906998422,339,422.625,28
2,2,2026-03-07T18:04:11.534Z,20260307_130411,26,BUBBLE_M_TIGHT,79,1,3,BUBBLE,2,8,M,16,TIGHT,8,30,960,500,5,395,9,528.831,82.926,325.302,437.083,408.475,32,3.783,517,0,0,0,405.93,7.317,1772906998422,1772906998939,543,91.625,9
2,2,2026-03-07T18:04:11.534Z,20260307_130411,26,BUBBLE_M_TIGHT,80,2,3,BUBBLE,2,8,M,16,TIGHT,8,30,960,500,1,396,11,276.282,105.209,480,250,249.931,32,3.139,551,0,0,0,352.574,5.697,1772906999300,1772906999851,288,103.625,11
2,2,2026-03-07T18:04:11.534Z,20260307_130411,26,BUBBLE_M_TIGHT,80,2,3,BUBBLE,2,8,M,16,TIGHT,8,30,960,500,2,397,16,159.2,89.015,276.282,105.209,118.197,32,2.231,945,0,0,0,1290.868,2.361,1772906999851,1772907000796,131,80.625,16
2,2,2026-03-07T18:04:11.534Z,20260307_130411,26,BUBBLE_M_TIGHT,80,2,3,BUBBLE,2,8,M,16,TIGHT,8,30,960,500,3,398,5,906.584,341.974,159.2,89.015,789.031,32,4.681,670,0,0,0,904.617,6.987,1772907000796,1772907001466,881,356.625,5
2,2,2026-03-07T18:04:11.534Z,20260307_130411,26,BUBBLE_M_TIGHT,80,2,3,BUBBLE,2,8,M,16,TIGHT,8,30,960,500,4,399,21,608.609,457.506,906.584,341.974,319.589,32,3.458,912,0,0,0,1264.612,3.791,1772907001466,1772907002378,613,476.625,21
2,2,2026-03-07T18:04:11.534Z,20260307_130411,26,BUBBLE_M_TIGHT,80,2,3,BUBBLE,2,8,M,16,TIGHT,8,30,960,500,5,400,12,280.938,48.534,608.609,457.506,524.048,32,4.119,556,0,0,0,527.871,7.408,1772907002378,1772907002934,293,66.625,12
2,2,2026-03-07T18:04:11.534Z,20260307_130411,26,BUBBLE_M_TIGHT,81,3,3,BUBBLE,2,8,M,16,TIGHT,8,30,960,500,1,401,27,791.647,132.907,480,250,332.918,32,3.511,636,0,0,0,358.173,5.521,1772907003295,1772907003931,799,121.625,27
2,2,2026-03-07T18:04:11.534Z,20260307_130411,26,BUBBLE_M_TIGHT,81,3,3,BUBBLE,2,8,M,16,TIGHT,8,30,960,500,2,402,20,503.038,308.552,791.647,132.907,337.856,32,3.531,499,0,0,0,340.626,7.076,1772907003931,1772907004430,521,296.625,20
2,2,2026-03-07T18:04:11.534Z,20260307_130411,26,BUBBLE_M_TIGHT,81,3,3,BUBBLE,2,8,M,16,TIGHT,8,30,960,500,3,403,12,603.493,44.661,503.038,308.552,282.365,32,3.296,497,0,0,0,351.126,6.632,1772907004430,1772907004927,569,54.625,12
2,2,2026-03-07T18:04:11.534Z,20260307_130411,26,BUBBLE_M_TIGHT,81,3,3,BUBBLE,2,8,M,16,TIGHT,8,30,960,500,4,404,9,788.668,198.069,603.493,44.661,240.466,32,3.09,521,0,0,0,359.556,5.931,1772907004927,1772907005448,778,195.625,9
2,2,2026-03-07T18:04:11.534Z,20260307_130411,26,BUBBLE_M_TIGHT,81,3,3,BUBBLE,2,8,M,16,TIGHT,8,30,960,500,5,405,1,407.007,372.724,788.668,198.069,419.725,32,3.819,591,0,0,0,456.817,6.462,1772907005448,1772907006039,387,377.625,1
