participant_id,timestamp_ms,event_type,study_state,condition_index,block_number,condition_block_index,blocks_per_condition,trial_in_block,global_trial_number,technique,size_level,spacing_level,x,y,captured_target_id,goal_target_id,is_goal_selection,wrong_target_clicks,miss_clicks,path_length_px
3,1772942312464,practice_intro,rest,,,,,0,0,,,,,,,-1,,0,0,0
3,1772942447673,practice_block_start,running,PRACTICE,0,1,3,0,0,POINT,L,MED,,,,-1,,0,0,0
3,1772942447673,trial_start,running,PRACTICE,0,1,3,1,0,POINT,L,MED,,,,17,,0,0,0
3,1772942448691,practice_trial_success,running,PRACTICE,0,1,3,1,0,POINT,L,MED,487,39.625,17,17,1,0,0,277.285
3,1772942448691,trial_start,running,PRACTICE,0,1,3,2,0,POINT,L,MED,,,,20,,0,0,0
3,1772942449367,practice_trial_success,running,PRACTICE,0,1,3,2,0,POINT,L,MED,544,281.625,20,20,1,0,0,311.397
3,1772942449367,trial_start,running,PRACTICE,0,1,3,3,0,POINT,L,MED,,,,6,,0,0,0
3,1772942450071,practice_trial_success,running,PRACTICE,0,1,3,3,0,POINT,L,MED,37,79.625,6,6,1,0,0,557.99
3,1772942450071,trial_start,running,PRACTICE,0,1,3,4,0,POINT,L,MED,,,,21,,0,0,0
3,1772942450906,trial_error_click,running,PRACTICE,0,1,3,4,0,POINT,L,MED,746,143.625,-1,21,0,0,1,720.031
3,1772942451241,practice_trial_success,running,PRACTICE,0,1,3,4,0,POINT,L,MED,758,152.625,21,21,1,0,1,770.639
3,1772942451241,trial_start,running,PRACTICE,0,1,3,5,0,POINT,L,MED,,,,2,,0,0,0
3,1772942452063,practice_trial_success,running,PRACTICE,0,1,3,5,0,POINT,L,MED,146,318.625,2,2,1,0,0,655.281
3,1772942452063,practice_block_end,running,PRACTICE,0,1,3,5,0,POINT,L,MED,,,,2,,0,0,655.281
3,1772942452063,intro_screen,rest,PRACTICE,0,1,3,5,0,POINT,L,MED,,,,-1,,0,0,655.281
3,1772942462370,block_start,running,0,1,1,3,0,0,AREA,S,MED,,,,-1,,0,0,655.281
3,1772942462370,trial_start,running,0,1,1,3,1,1,AREA,S,MED,,,,4,,0,0,0
3,1772942463418,trial_success,running,0,1,1,3,1,1,AREA,S,MED,740,179.625,4,4,1,0,0,370.064
3,1772942463418,trial_start,running,0,1,1,3,2,2,AREA,S,MED,,,,11,,0,0,0
3,1772942464482,trial_success,running,0,1,1,3,2,2,AREA,S,MED,19,179.625,11,11,1,0,0,845.948
3,1772942464482,trial_start,running,0,1,1,3,3,3,AREA,S,MED,,,,26,,0,0,0
3,1772942465593,trial_success,running,0,1,1,3,3,3,AREA,S,MED,712,115.625,26,26,1,0,0,997.61
3,1772942465593,trial_start,running,0,1,1,3,4,4,AREA,S,MED,,,,15,,0,0,0
3,1772942466271,trial_success,running,0,1,1,3,4,4,AREA,S,MED,251,161.625,15,15,1,0,0,518.993
3,1772942466271,trial_start,running,0,1,1,3,5,5,AREA,S,MED,,,,2,,0,0,0
3,1772942467245,trial_error_click,running,0,1,1,3,5,5,AREA,S,MED,708,442.625,-1,2,0,0,1,1040.073
3,1772942468300,trial_success,running,0,1,1,3,5,5,AREA,S,MED,731,472.625,2,2,1,0,1,2015.104
3,1772942468300,block_end,running,0,1,1,3,5,5,AREA,S,MED,,,,2,,0,1,2015.104
3,1772942468300,rest_screen,rest,0,1,1,3,5,5,AREA,S,MED,,,,-1,,0,1,2015.104
3,1772942470657,block_start,running,0,2,2,3,0,5,AREA,S,MED,,,,-1,,0,1,2015.104
3,1772942470657,trial_start,running,0,2,2,3,1,6,AREA,S,MED,,,,23,,0,0,0
3,1772942471798,trial_success,running,0,2,2,3,1,6,AREA,S,MED,633,166.625,23,23,1,0,0,279.811
3,1772942471798,trial_start,running,0,2,2,3,2,7,AREA,S,MED,,,,4,,0,0,0
3,1772942472709,trial_success,running,0,2,2,3,2,7,AREA,S,MED,490,150.625,4,4,1,0,0,494.171
3,1772942472709,trial_start,running,0,2,2,3,3,8,AREA,S,MED,,,,12,,0,0,0
3,1772942473644,trial_success,running,0,2,2,3,3,8,AREA,S,MED,629,123.625,12,12,1,0,0,221.335
3,1772942473644,trial_start,running,0,2,2,3,4,9,AREA,S,MED,,,,24,,0,0,0
3,1772942474421,trial_success,running,0,2,2,3,4,9,AREA,S,MED,376,91.625,24,24,1,0,0,287.616
3,1772942474421,trial_start,running,0,2,2,3,5,10,AREA,S,MED,,,,2,,0,0,0
3,1772942475168,trial_success,running,0,2,2,3,5,10,AREA,S,MED,710,97.625,2,2,1,0,0,420.946
3,1772942475168,block_end,running,0,2,2,3,5,10,AREA,S,MED,,,,2,,0,0,420.946
3,1772942475168,rest_screen,rest,0,2,2,3,5,10,AREA,S,MED,,,,-1,,0,0,420.946
3,1772942476436,block_start,running,0,3,3,3,0,10,AREA,S,MED,,,,-1,,0,0,420.946
3,1772942476436,trial_start,running,0,3,3,3,1,11,AREA,S,MED,,,,5,,0,0,0
3,1772942477438,trial_success,running,0,3,3,3,1,11,AREA,S,MED,885,342.625,5,5,1,0,0,826.482
3,1772942477438,trial_start,running,0,3,3,3,2,12,AREA,S,MED,,,,27,,0,0,0
3,1772942478363,trial_success,running,0,3,3,3,2,12,AREA,S,MED,879,277.625,27,27,1,0,0,809.537
3,1772942478363,trial_start,running,0,3,3,3,3,13,AREA,S,MED,,,,16,,0,0,0
3,1772942479203,trial_success,running,0,3,3,3,3,13,AREA,S,MED,217,369.625,16,16,1,0,0,906.307
3,1772942479203,trial_start,running,0,3,3,3,4,14,AREA,S,MED,,,,3,,0,0,0
3,1772942480081,trial_success,running,0,3,3,3,4,14,AREA,S,MED,664,359.625,3,3,1,0,0,824.374
3,1772942480081,trial_start,running,0,3,3,3,5,15,AREA,S,MED,,,,12,,0,0,0
3,1772942481030,trial_success,running,0,3,3,3,5,15,AREA,S,MED,927,398.625,12,12,1,0,0,787.378
3,1772942481030,block_end,running,0,3,3,3,5,15,AREA,S,MED,,,,12,,0,0,787.378
3,1772942481030,rest_screen,rest,0,3,3,3,5,15,AREA,S,MED,,,,-1,,0,0,787.378
3,1772942609275,block_start,running,1,4,1,3,0,15,AREA,L,MED,,,,-1,,0,0,787.378
3,1772942609275,trial_start,running,1,4,1,3,1,16,AREA,L,MED,,,,27,,0,0,0
3,1772942610251,trial_success,running,1,4,1,3,1,16,AREA,L,MED,920,317.625,27,27,1,0,0,612.936
3,1772942610251,trial_start,running,1,4,1,3,2,17,AREA,L,MED,,,,13,,0,0,0
3,1772942611026,trial_success,running,1,4,1,3,2,17,AREA,L,MED,492,55.625,13,13,1,0,0,642.28
3,1772942611026,trial_start,running,1,4,1,3,3,18,AREA,L,MED,,,,2,,0,0,0
3,1772942611655,trial_success,running,1,4,1,3,3,18,AREA,L,MED,579,346.625,2,2,1,0,0,349.248
3,1772942611655,trial_start,running,1,4,1,3,4,19,AREA,L,MED,,,,3,,0,0,0
3,1772942612246,trial_success,running,1,4,1,3,4,19,AREA,L,MED,598,134.625,3,3,1,0,0,533.707
3,1772942612246,trial_start,running,1,4,1,3,5,20,AREA,L,MED,,,,1,,0,0,0
3,1772942612880,trial_success,running,1,4,1,3,5,20,AREA,L,MED,866,469.625,1,1,1,0,0,880.478
3,1772942612880,block_end,running,1,4,1,3,5,20,AREA,L,MED,,,,1,,0,0,880.478
3,1772942612880,rest_screen,rest,1,4,1,3,5,20,AREA,L,MED,,,,-1,,0,0,880.478
3,1772942613401,block_start,running,1,5,2,3,0,20,AREA,L,MED,,,,-1,,0,0,880.478
3,1772942613401,trial_start,running,1,5,2,3,1,21,AREA,L,MED,,,,24,,0,0,0
3,1772942614168,trial_success,running,1,5,2,3,1,21,AREA,L,MED,269,137.625,24,24,1,0,0,405.75
3,1772942614168,trial_start,running,1,5,2,3,2,22,AREA,L,MED,,,,16,,0,0,0
3,1772942614919,trial_success,running,1,5,2,3,2,22,AREA,L,MED,713,111.625,16,16,1,0,0,623.236
3,1772942614919,trial_start,running,1,5,2,3,3,23,AREA,L,MED,,,,5,,0,0,0
3,1772942615486,trial_success,running,1,5,2,3,3,23,AREA,L,MED,496,278.625,5,5,1,0,0,343.709
3,1772942615486,trial_start,running,1,5,2,3,4,24,AREA,L,MED,,,,6,,0,0,0
3,1772942616119,trial_success,running,1,5,2,3,4,24,AREA,L,MED,166,281.625,6,6,1,0,0,371.073
3,1772942616119,trial_start,running,1,5,2,3,5,25,AREA,L,MED,,,,10,,0,0,0
3,1772942616685,trial_success,running,1,5,2,3,5,25,AREA,L,MED,776,191.625,10,10,1,0,0,631.843
3,1772942616685,block_end,running,1,5,2,3,5,25,AREA,L,MED,,,,10,,0,0,631.843
3,1772942616685,rest_screen,rest,1,5,2,3,5,25,AREA,L,MED,,,,-1,,0,0,631.843
3,1772942617061,block_start,running,1,6,3,3,0,25,AREA,L,MED,,,,-1,,0,0,631.843
3,1772942617061,trial_start,running,1,6,3,3,1,26,AREA,L,MED,,,,24,,0,0,0
3,1772942617704,trial_success,running,1,6,3,3,1,26,AREA,L,MED,710,230.625,24,24,1,0,0,465.288
3,1772942617704,trial_start,running,1,6,3,3,2,27,AREA,L,MED,,,,6,,0,0,0
3,1772942618256,trial_success,running,1,6,3,3,2,27,AREA,L,MED,198,225.625,6,6,1,0,0,526.355
3,1772942618256,trial_start,running,1,6,3,3,3,28,AREA,L,MED,,,,26,,0,0,0
3,1772942618734,trial_success,running,1,6,3,3,3,28,AREA,L,MED,370,314.625,26,26,1,0,0,254.868
3,1772942618734,trial_start,running,1,6,3,3,4,29,AREA,L,MED,,,,15,,0,0,0
3,1772942619388,trial_success,running,1,6,3,3,4,29,AREA,L,MED,755,140.625,15,15,1,0,0,469.566
3,1772942619388,trial_start,running,1,6,3,3,5,30,AREA,L,MED,,,,2,,0,0,0
3,1772942620004,trial_success,running,1,6,3,3,5,30,AREA,L,MED,817,303.625,2,2,1,0,0,412.314
3,1772942620004,block_end,running,1,6,3,3,5,30,AREA,L,MED,,,,2,,0,0,412.314
3,1772942620004,rest_screen,rest,1,6,3,3,5,30,AREA,L,MED,,,,-1,,0,0,412.314
3,1772942630109,block_start,running,2,7,1,3,0,30,AREA,M,MED,,,,-1,,0,0,412.314
3,1772942630109,trial_start,running,2,7,1,3,1,31,AREA,M,MED,,,,26,,0,0,0
3,1772942631089,trial_success,running,2,7,1,3,1,31,AREA,M,MED,898,454.625,26,26,1,0,0,641.473
3,1772942631089,trial_start,running,2,7,1,3,2,32,AREA,M,MED,,,,24,,0,0,0
3,1772942631773,trial_success,running,2,7,1,3,2,32,AREA,M,MED,534,447.625,24,24,1,0,0,656.691
3,1772942631773,trial_start,running,2,7,1,3,3,33,AREA,M,MED,,,,10,,0,0,0
3,1772942632543,trial_success,running,2,7,1,3,3,33,AREA,M,MED,152,30.625,10,10,1,0,0,624.19
3,1772942632543,trial_start,running,2,7,1,3,4,34,AREA,M,MED,,,,23,,0,0,0
3,1772942633298,trial_success,running,2,7,1,3,4,34,AREA,M,MED,864,400.625,23,23,1,0,0,911.405
3,1772942633298,trial_start,running,2,7,1,3,5,35,AREA,M,MED,,,,26,,0,0,0
3,1772942634100,trial_success,running,2,7,1,3,5,35,AREA,M,MED,906,458.625,26,26,1,0,0,823.66
3,1772942634100,block_end,running,2,7,1,3,5,35,AREA,M,MED,,,,26,,0,0,823.66
3,1772942634100,rest_screen,rest,2,7,1,3,5,35,AREA,M,MED,,,,-1,,0,0,823.66
3,1772942634601,block_start,running,2,8,2,3,0,35,AREA,M,MED,,,,-1,,0,0,823.66
3,1772942634601,trial_start,running,2,8,2,3,1,36,AREA,M,MED,,,,8,,0,0,0
3,1772942635151,trial_success,running,2,8,2,3,1,36,AREA,M,MED,486,279.625,8,8,1,0,0,304.036
3,1772942635151,trial_start,running,2,8,2,3,2,37,AREA,M,MED,,,,3,,0,0,0
3,1772942635999,trial_success,running,2,8,2,3,2,37,AREA,M,MED,30,143.625,3,3,1,0,0,737.202
3,1772942635999,trial_start,running,2,8,2,3,3,38,AREA,M,MED,,,,23,,0,0,0
3,1772942636723,trial_success,running,2,8,2,3,3,38,AREA,M,MED,847,273.625,23,23,1,0,0,847.085
3,1772942636723,trial_start,running,2,8,2,3,4,39,AREA,M,MED,,,,28,,0,0,0
3,1772942637310,trial_success,running,2,8,2,3,4,39,AREA,M,MED,536,136.625,28,28,1,0,0,619.096
3,1772942637310,trial_start,running,2,8,2,3,5,40,AREA,M,MED,,,,13,,0,0,0
3,1772942638033,trial_success,running,2,8,2,3,5,40,AREA,M,MED,46,67.625,13,13,1,0,0,626.366
3,1772942638033,block_end,running,2,8,2,3,5,40,AREA,M,MED,,,,13,,0,0,626.366
3,1772942638033,rest_screen,rest,2,8,2,3,5,40,AREA,M,MED,,,,-1,,0,0,626.366
3,1772942638501,block_start,running,2,9,3,3,0,40,AREA,M,MED,,,,-1,,0,0,626.366
3,1772942638501,trial_start,running,2,9,3,3,1,41,AREA,M,MED,,,,2,,0,0,0
3,1772942639163,trial_success,running,2,9,3,3,1,41,AREA,M,MED,613,371.625,2,2,1,0,0,307.103
3,1772942639163,trial_start,running,2,9,3,3,2,42,AREA,M,MED,,,,9,,0,0,0
3,1772942639808,trial_success,running,2,9,3,3,2,42,AREA,M,MED,113,110.625,9,9,1,0,0,610.486
3,1772942639808,trial_start,running,2,9,3,3,3,43,AREA,M,MED,,,,16,,0,0,0
3,1772942640444,trial_success,running,2,9,3,3,3,43,AREA,M,MED,323,364.625,16,16,1,0,0,605.912
3,1772942640444,trial_start,running,2,9,3,3,4,44,AREA,M,MED,,,,26,,0,0,0
3,1772942641115,trial_success,running,2,9,3,3,4,44,AREA,M,MED,52,288.625,26,26,1,0,0,634.741
3,1772942641115,trial_start,running,2,9,3,3,5,45,AREA,M,MED,,,,1,,0,0,0
3,1772942641799,trial_success,running,2,9,3,3,5,45,AREA,M,MED,877,449.625,1,1,1,0,0,940.077
3,1772942641799,block_end,running,2,9,3,3,5,45,AREA,M,MED,,,,1,,0,0,940.077
3,1772942641799,rest_screen,rest,2,9,3,3,5,45,AREA,M,MED,,,,-1,,0,0,940.077
3,1772942672752,block_start,running,3,10,1,3,0,45,AREA,L,TIGHT,,,,-1,,0,0,940.077
3,1772942672752,trial_start,running,3,10,1,3,1,46,AREA,L,TIGHT,,,,27,,0,0,0
3,1772942673527,trial_success,running,3,10,1,3,1,46,AREA,L,TIGHT,760,391.625,27,27,1,0,0,426.096
3,1772942673527,trial_start,running,3,10,1,3,2,47,AREA,L,TIGHT,,,,7,,0,0,0
3,1772942674136,trial_success,running,3,10,1,3,2,47,AREA,L,TIGHT,460,69.625,7,7,1,0,0,748.364
3,1772942674136,trial_start,running,3,10,1,3,3,48,AREA,L,TIGHT,,,,10,,0,0,0
3,1772942674682,trial_success,running,3,10,1,3,3,48,AREA,L,TIGHT,342,178.625,10,10,1,0,0,296.528
3,1772942674682,trial_start,running,3,10,1,3,4,49,AREA,L,TIGHT,,,,5,,0,0,0
3,1772942675382,trial_success,running,3,10,1,3,4,49,AREA,L,TIGHT,143,461.625,5,5,1,0,0,425.541
3,1772942675382,trial_start,running,3,10,1,3,5,50,AREA,L,TIGHT,,,,27,,0,0,0
3,1772942676013,trial_success,running,3,10,1,3,5,50,AREA,L,TIGHT,767,392.625,27,27,1,0,0,935.819
3,1772942676013,block_end,running,3,10,1,3,5,50,AREA,L,TIGHT,,,,27,,0,0,935.819
3,1772942676013,rest_screen,rest,3,10,1,3,5,50,AREA,L,TIGHT,,,,-1,,0,0,935.819
3,1772942676500,block_start,running,3,11,2,3,0,50,AREA,L,TIGHT,,,,-1,,0,0,935.819
3,1772942676500,trial_start,running,3,11,2,3,1,51,AREA,L,TIGHT,,,,22,,0,0,0
3,1772942677136,trial_success,running,3,11,2,3,1,51,AREA,L,TIGHT,140,254.625,22,22,1,0,0,405.681
3,1772942677136,trial_start,running,3,11,2,3,2,52,AREA,L,TIGHT,,,,4,,0,0,0
3,1772942677740,trial_error_click,running,3,11,2,3,2,52,AREA,L,TIGHT,259,103.625,-1,4,0,0,1,376.642
3,1772942678154,trial_success,running,3,11,2,3,2,52,AREA,L,TIGHT,220,108.625,4,4,1,0,1,456.819
3,1772942678154,trial_start,running,3,11,2,3,3,53,AREA,L,TIGHT,,,,1,,0,0,0
3,1772942678885,trial_success,running,3,11,2,3,3,53,AREA,L,TIGHT,890,186.625,1,1,1,0,0,976.892
3,1772942678885,trial_start,running,3,11,2,3,4,54,AREA,L,TIGHT,,,,3,,0,0,0
3,1772942679604,trial_success,running,3,11,2,3,4,54,AREA,L,TIGHT,138,91.625,3,3,1,0,0,936.91
3,1772942679604,trial_start,running,3,11,2,3,5,55,AREA,L,TIGHT,,,,5,,0,0,0
3,1772942680379,trial_success,running,3,11,2,3,5,55,AREA,L,TIGHT,878,435.625,5,5,1,0,0,846.998
3,1772942680379,block_end,running,3,11,2,3,5,55,AREA,L,TIGHT,,,,5,,0,0,846.998
3,1772942680379,rest_screen,rest,3,11,2,3,5,55,AREA,L,TIGHT,,,,-1,,0,0,846.998
3,1772942680760,block_start,running,3,12,3,3,0,55,AREA,L,TIGHT,,,,-1,,0,0,846.998
3,1772942680760,trial_start,running,3,12,3,3,1,56,AREA,L,TIGHT,,,,18,,0,0,0
3,1772942681392,trial_success,running,3,12,3,3,1,56,AREA,L,TIGHT,561,344.625,18,18,1,0,0,378.568
3,1772942681392,trial_start,running,3,12,3,3,2,57,AREA,L,TIGHT,,,,13,,0,0,0
3,1772942682017,trial_success,running,3,12,3,3,2,57,AREA,L,TIGHT,451,64.625,13,13,1,0,0,622.533
3,1772942682017,trial_start,running,3,12,3,3,3,58,AREA,L,TIGHT,,,,28,,0,0,0
3,1772942682633,trial_success,running,3,12,3,3,3,58,AREA,L,TIGHT,773,421.625,28,28,1,0,0,605.651
3,1772942682633,trial_start,running,3,12,3,3,4,59,AREA,L,TIGHT,,,,23,,0,0,0
3,1772942683225,trial_success,running,3,12,3,3,4,59,AREA,L,TIGHT,173,263.625,23,23,1,0,0,807.852
3,1772942683225,trial_start,running,3,12,3,3,5,60,AREA,L,TIGHT,,,,29,,0,0,0
3,1772942683864,trial_success,running,3,12,3,3,5,60,AREA,L,TIGHT,470,440.625,29,29,1,0,0,691.756
3,1772942683864,block_end,running,3,12,3,3,5,60,AREA,L,TIGHT,,,,29,,0,0,691.756
3,1772942683864,rest_screen,rest,3,12,3,3,5,60,AREA,L,TIGHT,,,,-1,,0,0,691.756
3,1772942690649,block_start,running,4,13,1,3,0,60,AREA,M,LOOSE,,,,-1,,0,0,691.756
3,1772942690649,trial_start,running,4,13,1,3,1,61,AREA,M,LOOSE,,,,15,,0,0,0
3,1772942691400,trial_success,running,4,13,1,3,1,61,AREA,M,LOOSE,776,399.625,15,15,1,0,0,601.786
3,1772942691400,trial_start,running,4,13,1,3,2,62,AREA,M,LOOSE,,,,4,,0,0,0
3,1772942692260,trial_success,running,4,13,1,3,2,62,AREA,M,LOOSE,352,286.625,4,4,1,0,0,593.152
3,1772942692260,trial_start,running,4,13,1,3,3,63,AREA,M,LOOSE,,,,1,,0,0,0
3,1772942693043,trial_success,running,4,13,1,3,3,63,AREA,M,LOOSE,792,283.625,1,1,1,0,0,492.416
3,1772942693043,trial_start,running,4,13,1,3,4,64,AREA,M,LOOSE,,,,18,,0,0,0
3,1772942693683,trial_success,running,4,13,1,3,4,64,AREA,M,LOOSE,781,109.625,18,18,1,0,0,784.737
3,1772942693683,trial_start,running,4,13,1,3,5,65,AREA,M,LOOSE,,,,11,,0,0,0
3,1772942694300,trial_success,running,4,13,1,3,5,65,AREA,M,LOOSE,911,135.625,11,11,1,0,0,1038.234
3,1772942694300,block_end,running,4,13,1,3,5,65,AREA,M,LOOSE,,,,11,,0,0,1038.234
3,1772942694300,rest_screen,rest,4,13,1,3,5,65,AREA,M,LOOSE,,,,-1,,0,0,1038.234
3,1772942694708,block_start,running,4,14,2,3,0,65,AREA,M,LOOSE,,,,-1,,0,0,1038.234
3,1772942694708,trial_start,running,4,14,2,3,1,66,AREA,M,LOOSE,,,,25,,0,0,0
3,1772942695369,trial_success,running,4,14,2,3,1,66,AREA,M,LOOSE,732,88.625,25,25,1,0,0,695.391
3,1772942695369,trial_start,running,4,14,2,3,2,67,AREA,M,LOOSE,,,,22,,0,0,0
3,1772942695990,trial_error_click,running,4,14,2,3,2,67,AREA,M,LOOSE,635,436.625,-1,22,0,0,1,646.719
3,1772942696699,trial_success,running,4,14,2,3,2,67,AREA,M,LOOSE,657,427.625,22,22,1,0,1,1322.396
3,1772942696699,trial_start,running,4,14,2,3,3,68,AREA,M,LOOSE,,,,15,,0,0,0
3,1772942697430,trial_success,running,4,14,2,3,3,68,AREA,M,LOOSE,487,243.625,15,15,1,0,0,757.09
3,1772942697430,trial_start,running,4,14,2,3,4,69,AREA,M,LOOSE,,,,12,,0,0,0
3,1772942698120,trial_success,running,4,14,2,3,4,69,AREA,M,LOOSE,144,390.625,12,12,1,0,0,693.041
3,1772942698120,trial_start,running,4,14,2,3,5,70,AREA,M,LOOSE,,,,10,,0,0,0
3,1772942698781,trial_success,running,4,14,2,3,5,70,AREA,M,LOOSE,585,458.625,10,10,1,0,0,532.957
3,1772942698781,block_end,running,4,14,2,3,5,70,AREA,M,LOOSE,,,,10,,0,0,532.957
3,1772942698781,rest_screen,rest,4,14,2,3,5,70,AREA,M,LOOSE,,,,-1,,0,0,532.957
3,1772942699188,block_start,running,4,15,3,3,0,70,AREA,M,LOOSE,,,,-1,,0,0,532.957
3,1772942699188,trial_start,running,4,15,3,3,1,71,AREA,M,LOOSE,,,,18,,0,0,0
3,1772942699776,trial_success,running,4,15,3,3,1,71,AREA,M,LOOSE,725,178.625,18,18,1,0,0,474.112
3,1772942699776,trial_start,running,4,15,3,3,2,72,AREA,M,LOOSE,,,,16,,0,0,0
3,1772942700601,trial_success,running,4,15,3,3,2,72,AREA,M,LOOSE,294,54.625,16,16,1,0,0,573.436
3,1772942700601,trial_start,running,4,15,3,3,3,73,AREA,M,LOOSE,,,,23,,0,0,0
3,1772942701266,trial_success,running,4,15,3,3,3,73,AREA,M,LOOSE,378,232.625,23,23,1,0,0,642.541
3,1772942701266,trial_start,running,4,15,3,3,4,74,AREA,M,LOOSE,,,,7,,0,0,0
3,1772942701927,trial_success,running,4,15,3,3,4,74,AREA,M,LOOSE,897,436.625,7,7,1,0,0,590.683
3,1772942701927,trial_start,running,4,15,3,3,5,75,AREA,M,LOOSE,,,,23,,0,0,0
3,1772942702621,trial_success,running,4,15,3,3,5,75,AREA,M,LOOSE,379,235.625,23,23,1,0,0,587.121
3,1772942702621,block_end,running,4,15,3,3,5,75,AREA,M,LOOSE,,,,23,,0,0,587.121
3,1772942702621,rest_screen,rest,4,15,3,3,5,75,AREA,M,LOOSE,,,,-1,,0,0,587.121
3,1772942765584,block_start,running,5,16,1,3,0,75,AREA,M,TIGHT,,,,-1,,0,0,587.121
3,1772942765584,trial_start,running,5,16,1,3,1,76,AREA,M,TIGHT,,,,8,,0,0,0
3,1772942766264,trial_success,running,5,16,1,3,1,76,AREA,M,TIGHT,840,329.625,8,8,1,0,0,550.705
3,1772942766264,trial_start,running,5,16,1,3,2,77,AREA,M,TIGHT,,,,5,,0,0,0
3,1772942766967,trial_error_click,running,5,16,1,3,2,77,AREA,M,TIGHT,683,54.625,-1,5,0,0,1,713.096
3,1772942767273,trial_success,running,5,16,1,3,2,77,AREA,M,TIGHT,657,48.625,5,5,1,0,1,810.454
3,1772942767273,trial_start,running,5,16,1,3,3,78,AREA,M,TIGHT,,,,16,,0,0,0
3,1772942767821,trial_error_click,running,5,16,1,3,3,78,AREA,M,TIGHT,589,183.625,-1,16,0,0,1,274.265
3,1772942768261,trial_error_click,running,5,16,1,3,3,78,AREA,M,TIGHT,625,159.625,-1,16,0,0,2,558.923
3,1772942768540,trial_success,running,5,16,1,3,3,78,AREA,M,TIGHT,589,168.625,16,16,1,0,2,616.01
3,1772942768540,trial_start,running,5,16,1,3,4,79,AREA,M,TIGHT,,,,17,,0,0,0
3,1772942769141,trial_success,running,5,16,1,3,4,79,AREA,M,TIGHT,765,190.625,17,17,1,0,0,291.038
3,1772942769141,trial_start,running,5,16,1,3,5,80,AREA,M,TIGHT,,,,4,,0,0,0
3,1772942769840,trial_success,running,5,16,1,3,5,80,AREA,M,TIGHT,514,446.625,4,4,1,0,0,392.883
3,1772942769840,block_end,running,5,16,1,3,5,80,AREA,M,TIGHT,,,,4,,0,0,392.883
3,1772942769840,rest_screen,rest,5,16,1,3,5,80,AREA,M,TIGHT,,,,-1,,0,0,392.883
3,1772942770210,block_start,running,5,17,2,3,0,80,AREA,M,TIGHT,,,,-1,,0,0,392.883
3,1772942770210,trial_start,running,5,17,2,3,1,81,AREA,M,TIGHT,,,,7,,0,0,0
3,1772942771098,trial_success,running,5,17,2,3,1,81,AREA,M,TIGHT,95,44.625,7,7,1,0,0,633.797
3,1772942771098,trial_start,running,5,17,2,3,2,82,AREA,M,TIGHT,,,,10,,0,0,0
3,1772942771814,trial_success,running,5,17,2,3,2,82,AREA,M,TIGHT,881,312.625,10,10,1,0,0,907.95
3,1772942771814,trial_start,running,5,17,2,3,3,83,AREA,M,TIGHT,,,,6,,0,0,0
3,1772942772550,trial_success,running,5,17,2,3,3,83,AREA,M,TIGHT,160,426.625,6,6,1,0,0,884.22
3,1772942772550,trial_start,running,5,17,2,3,4,84,AREA,M,TIGHT,,,,28,,0,0,0
3,1772942773168,trial_success,running,5,17,2,3,4,84,AREA,M,TIGHT,292,276.625,28,28,1,0,0,549.438
3,1772942773168,trial_start,running,5,17,2,3,5,85,AREA,M,TIGHT,,,,2,,0,0,0
3,1772942774012,trial_success,running,5,17,2,3,5,85,AREA,M,TIGHT,878,388.625,2,2,1,0,0,823.853
3,1772942774012,block_end,running,5,17,2,3,5,85,AREA,M,TIGHT,,,,2,,0,0,823.853
3,1772942774012,rest_screen,rest,5,17,2,3,5,85,AREA,M,TIGHT,,,,-1,,0,0,823.853
3,1772942774397,block_start,running,5,18,3,3,0,85,AREA,M,TIGHT,,,,-1,,0,0,823.853
3,1772942774397,trial_start,running,5,18,3,3,1,86,AREA,M,TIGHT,,,,12,,0,0,0
3,1772942775085,trial_success,running,5,18,3,3,1,86,AREA,M,TIGHT,328,392.625,12,12,1,0,0,295.613
3,1772942775085,trial_start,running,5,18,3,3,2,87,AREA,M,TIGHT,,,,10,,0,0,0
3,1772942775863,trial_success,running,5,18,3,3,2,87,AREA,M,TIGHT,596,302.625,10,10,1,0,0,685.198
3,1772942775863,trial_start,running,5,18,3,3,3,88,AREA,M,TIGHT,,,,0,,0,0,0
3,1772942776442,trial_success,running,5,18,3,3,3,88,AREA,M,TIGHT,258,163.625,0,0,1,0,0,543.57
3,1772942776442,trial_start,running,5,18,3,3,4,89,AREA,M,TIGHT,,,,15,,0,0,0
3,1772942777057,trial_success,running,5,18,3,3,4,89,AREA,M,TIGHT,528,218.625,15,15,1,0,0,334.421
3,1772942777057,trial_start,running,5,18,3,3,5,90,AREA,M,TIGHT,,,,28,,0,0,0
3,1772942777999,trial_error_click,running,5,18,3,3,5,90,AREA,M,TIGHT,784,105.625,-1,28,0,0,1,577.164
3,1772942778239,trial_success,running,5,18,3,3,5,90,AREA,M,TIGHT,783,96.625,28,28,1,0,1,612.562
3,1772942778239,block_end,running,5,18,3,3,5,90,AREA,M,TIGHT,,,,28,,0,1,612.562
3,1772942778239,rest_screen,rest,5,18,3,3,5,90,AREA,M,TIGHT,,,,-1,,0,1,612.562
3,1772942778721,block_start,running,6,19,1,3,0,90,AREA,S,LOOSE,,,,-1,,0,1,612.562
3,1772942778721,trial_start,running,6,19,1,3,1,91,AREA,S,LOOSE,,,,0,,0,0,0
3,1772942779554,trial_success,running,6,19,1,3,1,91,AREA,S,LOOSE,271,300.625,0,0,1,0,0,549.479
3,1772942779554,trial_start,running,6,19,1,3,2,92,AREA,S,LOOSE,,,,16,,0,0,0
3,1772942780332,trial_success,running,6,19,1,3,2,92,AREA,S,LOOSE,37,450.625,16,16,1,0,0,616.999
3,1772942780332,trial_start,running,6,19,1,3,3,93,AREA,S,LOOSE,,,,23,,0,0,0
3,1772942780553,trial_error_click,running,6,19,1,3,3,93,AREA,S,LOOSE,19,455.625,16,23,0,1,0,24.049
3,1772942781130,trial_success,running,6,19,1,3,3,93,AREA,S,LOOSE,332,398.625,23,23,1,1,0,348.468
3,1772942781130,trial_start,running,6,19,1,3,4,94,AREA,S,LOOSE,,,,18,,0,0,0
3,1772942781758,trial_success,running,6,19,1,3,4,94,AREA,S,LOOSE,342,306.625,18,18,1,0,0,365.454
3,1772942781758,trial_start,running,6,19,1,3,5,95,AREA,S,LOOSE,,,,6,,0,0,0
3,1772942782379,trial_success,running,6,19,1,3,5,95,AREA,S,LOOSE,514,368.625,6,6,1,0,0,272.064
3,1772942782379,block_end,running,6,19,1,3,5,95,AREA,S,LOOSE,,,,6,,0,0,272.064
3,1772942782379,rest_screen,rest,6,19,1,3,5,95,AREA,S,LOOSE,,,,-1,,0,0,272.064
3,1772942783023,block_start,running,6,20,2,3,0,95,AREA,S,LOOSE,,,,-1,,0,0,272.064
3,1772942783023,trial_start,running,6,20,2,3,1,96,AREA,S,LOOSE,,,,23,,0,0,0
3,1772942783760,trial_success,running,6,20,2,3,1,96,AREA,S,LOOSE,98,304.625,23,23,1,0,0,811.215
3,1772942783760,trial_start,running,6,20,2,3,2,97,AREA,S,LOOSE,,,,10,,0,0,0
3,1772942784462,trial_success,running,6,20,2,3,2,97,AREA,S,LOOSE,214,430.625,10,10,1,0,0,287.799
3,1772942784462,trial_start,running,6,20,2,3,3,98,AREA,S,LOOSE,,,,29,,0,0,0
3,1772942785293,trial_success,running,6,20,2,3,3,98,AREA,S,LOOSE,546,226.625,29,29,1,0,0,467.676
3,1772942785293,trial_start,running,6,20,2,3,4,99,AREA,S,LOOSE,,,,14,,0,0,0
3,1772942785996,trial_success,running,6,20,2,3,4,99,AREA,S,LOOSE,468,241.625,14,14,1,0,0,436.655
3,1772942785996,trial_start,running,6,20,2,3,5,100,AREA,S,LOOSE,,,,29,,0,0,0
3,1772942786656,trial_success,running,6,20,2,3,5,100,AREA,S,LOOSE,541,230.625,29,29,1,0,0,486.306
3,1772942786656,block_end,running,6,20,2,3,5,100,AREA,S,LOOSE,,,,29,,0,0,486.306
3,1772942786656,rest_screen,rest,6,20,2,3,5,100,AREA,S,LOOSE,,,,-1,,0,0,486.306
3,1772942787250,block_start,running,6,21,3,3,0,100,AREA,S,LOOSE,,,,-1,,0,0,486.306
3,1772942787250,trial_start,running,6,21,3,3,1,101,AREA,S,LOOSE,,,,7,,0,0,0
3,1772942788075,trial_error_click,running,6,21,3,3,1,101,AREA,S,LOOSE,175,81.625,-1,7,0,0,1,746.284
3,1772942788885,trial_success,running,6,21,3,3,1,101,AREA,S,LOOSE,188,74.625,7,7,1,0,1,2008.061
3,1772942788885,trial_start,running,6,21,3,3,2,102,AREA,S,LOOSE,,,,11,,0,0,0
3,1772942789620,trial_success,running,6,21,3,3,2,102,AREA,S,LOOSE,505,271.625,11,11,1,0,0,498.965
3,1772942789620,trial_start,running,6,21,3,3,3,103,AREA,S,LOOSE,,,,14,,0,0,0
3,1772942790324,trial_success,running,6,21,3,3,3,103,AREA,S,LOOSE,899,316.625,14,14,1,0,0,477.436
3,1772942790324,trial_start,running,6,21,3,3,4,104,AREA,S,LOOSE,,,,2,,0,0,0
3,1772942791106,trial_error_click,running,6,21,3,3,4,104,AREA,S,LOOSE,590,74.625,-1,2,0,0,1,687.029
3,1772942791485,trial_success,running,6,21,3,3,4,104,AREA,S,LOOSE,574,73.625,2,2,1,0,1,704.029
3,1772942791485,trial_start,running,6,21,3,3,5,105,AREA,S,LOOSE,,,,28,,0,0,0
3,1772942792248,trial_success,running,6,21,3,3,5,105,AREA,S,LOOSE,832,113.625,28,28,1,0,0,768.268
3,1772942792248,block_end,running,6,21,3,3,5,105,AREA,S,LOOSE,,,,28,,0,0,768.268
3,1772942792248,rest_screen,rest,6,21,3,3,5,105,AREA,S,LOOSE,,,,-1,,0,0,768.268
3,1772942792722,block_start,running,7,22,1,3,0,105,AREA,L,LOOSE,,,,-1,,0,0,768.268
3,1772942792722,trial_start,running,7,22,1,3,1,106,AREA,L,LOOSE,,,,24,,0,0,0
3,1772942793460,trial_success,running,7,22,1,3,1,106,AREA,L,LOOSE,581,466.625,24,24,1,0,0,392.959
3,1772942793460,trial_start,running,7,22,1,3,2,107,AREA,L,LOOSE,,,,9,,0,0,0
3,1772942794229,trial_success,running,7,22,1,3,2,107,AREA,L,LOOSE,789,321.625,9,9,1,0,0,660.438
3,1772942794229,trial_start,running,7,22,1,3,3,108,AREA,L,LOOSE,,,,13,,0,0,0
3,1772942794800,trial_success,running,7,22,1,3,3,108,AREA,L,LOOSE,666,91.625,13,13,1,0,0,593.2
3,1772942794800,trial_start,running,7,22,1,3,4,109,AREA,L,LOOSE,,,,22,,0,0,0
3,1772942795463,trial_success,running,7,22,1,3,4,109,AREA,L,LOOSE,61,385.625,22,22,1,0,0,697.9
3,1772942795463,trial_start,running,7,22,1,3,5,110,AREA,L,LOOSE,,,,19,,0,0,0
3,1772942796099,trial_success,running,7,22,1,3,5,110,AREA,L,LOOSE,518,69.625,19,19,1,0,0,609.834
3,1772942796099,block_end,running,7,22,1,3,5,110,AREA,L,LOOSE,,,,19,,0,0,609.834
3,1772942796099,rest_screen,rest,7,22,1,3,5,110,AREA,L,LOOSE,,,,-1,,0,0,609.834
3,1772942796912,block_start,running,7,23,2,3,0,110,AREA,L,LOOSE,,,,-1,,0,0,609.834
3,1772942796912,trial_start,running,7,23,2,3,1,111,AREA,L,LOOSE,,,,5,,0,0,0
3,1772942797566,trial_success,running,7,23,2,3,1,111,AREA,L,LOOSE,182,255.625,5,5,1,0,0,541.332
3,1772942797566,trial_start,running,7,23,2,3,2,112,AREA,L,LOOSE,,,,8,,0,0,0
3,1772942798156,trial_success,running,7,23,2,3,2,112,AREA,L,LOOSE,49,88.625,8,8,1,0,0,574.582
3,1772942798156,trial_start,running,7,23,2,3,3,113,AREA,L,LOOSE,,,,27,,0,0,0
3,1772942799033,trial_success,running,7,23,2,3,3,113,AREA,L,LOOSE,20,282.625,27,27,1,0,0,945.962
3,1772942799033,trial_start,running,7,23,2,3,4,114,AREA,L,LOOSE,,,,22,,0,0,0
3,1772942799688,trial_success,running,7,23,2,3,4,114,AREA,L,LOOSE,737,318.625,22,22,1,0,0,920.284
3,1772942799688,trial_start,running,7,23,2,3,5,115,AREA,L,LOOSE,,,,27,,0,0,0
3,1772942800436,trial_success,running,7,23,2,3,5,115,AREA,L,LOOSE,35,276.625,27,27,1,0,0,879.028
3,1772942800436,block_end,running,7,23,2,3,5,115,AREA,L,LOOSE,,,,27,,0,0,879.028
3,1772942800436,rest_screen,rest,7,23,2,3,5,115,AREA,L,LOOSE,,,,-1,,0,0,879.028
3,1772942800871,block_start,running,7,24,3,3,0,115,AREA,L,LOOSE,,,,-1,,0,0,879.028
3,1772942800871,trial_start,running,7,24,3,3,1,116,AREA,L,LOOSE,,,,18,,0,0,0
3,1772942801509,trial_success,running,7,24,3,3,1,116,AREA,L,LOOSE,240,368.625,18,18,1,0,0,610.277
3,1772942801509,trial_start,running,7,24,3,3,2,117,AREA,L,LOOSE,,,,15,,0,0,0
3,1772942802060,trial_success,running,7,24,3,3,2,117,AREA,L,LOOSE,761,321.625,15,15,1,0,0,546.874
3,1772942802060,trial_start,running,7,24,3,3,3,118,AREA,L,LOOSE,,,,20,,0,0,0
3,1772942802673,trial_success,running,7,24,3,3,3,118,AREA,L,LOOSE,420,388.625,20,20,1,0,0,540.88
3,1772942802673,trial_start,running,7,24,3,3,4,119,AREA,L,LOOSE,,,,29,,0,0,0
3,1772942803228,trial_success,running,7,24,3,3,4,119,AREA,L,LOOSE,116,410.625,29,29,1,0,0,375.518
3,1772942803228,trial_start,running,7,24,3,3,5,120,AREA,L,LOOSE,,,,6,,0,0,0
3,1772942803972,trial_success,running,7,24,3,3,5,120,AREA,L,LOOSE,900,350.625,6,6,1,0,0,807.523
3,1772942803972,block_end,running,7,24,3,3,5,120,AREA,L,LOOSE,,,,6,,0,0,807.523
3,1772942803972,rest_screen,rest,7,24,3,3,5,120,AREA,L,LOOSE,,,,-1,,0,0,807.523
3,1772942879879,block_start,running,8,25,1,3,0,120,AREA,S,TIGHT,,,,-1,,0,0,807.523
3,1772942879879,trial_start,running,8,25,1,3,1,121,AREA,S,TIGHT,,,,5,,0,0,0
3,1772942880770,trial_error_click,running,8,25,1,3,1,121,AREA,S,TIGHT,465,273.625,-1,5,0,0,1,338.667
3,1772942881134,trial_success,running,8,25,1,3,1,121,AREA,S,TIGHT,464,263.625,5,5,1,0,1,353.145
3,1772942881134,trial_start,running,8,25,1,3,2,122,AREA,S,TIGHT,,,,14,,0,0,0
3,1772942881933,trial_success,running,8,25,1,3,2,122,AREA,S,TIGHT,486,118.625,14,14,1,0,0,295.884
3,1772942881933,trial_start,running,8,25,1,3,3,123,AREA,S,TIGHT,,,,17,,0,0,0
3,1772942882757,trial_success,running,8,25,1,3,3,123,AREA,S,TIGHT,326,50.625,17,17,1,0,0,342.581
3,1772942882757,trial_start,running,8,25,1,3,4,124,AREA,S,TIGHT,,,,4,,0,0,0
3,1772942883627,trial_success,running,8,25,1,3,4,124,AREA,S,TIGHT,741,154.625,4,4,1,0,0,569.221
3,1772942883627,trial_start,running,8,25,1,3,5,125,AREA,S,TIGHT,,,,25,,0,0,0
3,1772942884392,trial_success,running,8,25,1,3,5,125,AREA,S,TIGHT,690,469.625,25,25,1,0,0,531.456
3,1772942884392,block_end,running,8,25,1,3,5,125,AREA,S,TIGHT,,,,25,,0,0,531.456
3,1772942884392,rest_screen,rest,8,25,1,3,5,125,AREA,S,TIGHT,,,,-1,,0,0,531.456
3,1772942884756,block_start,running,8,26,2,3,0,125,AREA,S,TIGHT,,,,-1,,0,0,531.456
3,1772942884756,trial_start,running,8,26,2,3,1,126,AREA,S,TIGHT,,,,6,,0,0,0
3,1772942885377,trial_success,running,8,26,2,3,1,126,AREA,S,TIGHT,330,210.625,6,6,1,0,0,234.024
3,1772942885377,trial_start,running,8,26,2,3,2,127,AREA,S,TIGHT,,,,0,,0,0,0
3,1772942886085,trial_success,running,8,26,2,3,2,127,AREA,S,TIGHT,352,247.625,0,0,1,0,0,297.885
3,1772942886085,trial_start,running,8,26,2,3,3,128,AREA,S,TIGHT,,,,15,,0,0,0
3,1772942886750,trial_success,running,8,26,2,3,3,128,AREA,S,TIGHT,87,152.625,15,15,1,0,0,642.05
3,1772942886750,trial_start,running,8,26,2,3,4,129,AREA,S,TIGHT,,,,16,,0,0,0
3,1772942887315,trial_success,running,8,26,2,3,4,129,AREA,S,TIGHT,249,320.625,16,16,1,0,0,504.803
3,1772942887315,trial_start,running,8,26,2,3,5,130,AREA,S,TIGHT,,,,27,,0,0,0
3,1772942888237,trial_success,running,8,26,2,3,5,130,AREA,S,TIGHT,918,411.625,27,27,1,0,0,794.922
3,1772942888237,block_end,running,8,26,2,3,5,130,AREA,S,TIGHT,,,,27,,0,0,794.922
3,1772942888237,rest_screen,rest,8,26,2,3,5,130,AREA,S,TIGHT,,,,-1,,0,0,794.922
3,1772942888614,block_start,running,8,27,3,3,0,130,AREA,S,TIGHT,,,,-1,,0,0,794.922
3,1772942888614,trial_start,running,8,27,3,3,1,131,AREA,S,TIGHT,,,,26,,0,0,0
3,1772942889336,trial_success,running,8,27,3,3,1,131,AREA,S,TIGHT,571,146.625,26,26,1,0,0,634.521
3,1772942889336,trial_start,running,8,27,3,3,2,132,AREA,S,TIGHT,,,,22,,0,0,0
3,1772942890308,trial_success,running,8,27,3,3,2,132,AREA,S,TIGHT,99,258.625,22,22,1,0,0,584.284
3,1772942890308,trial_start,running,8,27,3,3,3,133,AREA,S,TIGHT,,,,27,,0,0,0
3,1772942891079,trial_success,running,8,27,3,3,3,133,AREA,S,TIGHT,736,441.625,27,27,1,0,0,746.911
3,1772942891079,trial_start,running,8,27,3,3,4,134,AREA,S,TIGHT,,,,13,,0,0,0
3,1772942891891,trial_error_click,running,8,27,3,3,4,134,AREA,S,TIGHT,652,191.625,-1,13,0,0,1,568.888
3,1772942892281,trial_success,running,8,27,3,3,4,134,AREA,S,TIGHT,644,210.625,13,13,1,0,1,634.479
3,1772942892281,trial_start,running,8,27,3,3,5,135,AREA,S,TIGHT,,,,18,,0,0,0
3,1772942893000,trial_success,running,8,27,3,3,5,135,AREA,S,TIGHT,643,318.625,18,18,1,0,0,478.999
3,1772942893000,block_end,running,8,27,3,3,5,135,AREA,S,TIGHT,,,,18,,0,0,478.999
3,1772942893000,rest_screen,rest,8,27,3,3,5,135,AREA,S,TIGHT,,,,-1,,0,0,478.999
3,1772942893380,block_start,running,9,28,1,3,0,135,BUBBLE,S,TIGHT,,,,-1,,0,0,478.999
3,1772942893380,trial_start,running,9,28,1,3,1,136,BUBBLE,S,TIGHT,,,,4,,0,0,0
3,1772942894185,trial_success,running,9,28,1,3,1,136,BUBBLE,S,TIGHT,375,288.625,4,4,1,0,0,499.777
3,1772942894185,trial_start,running,9,28,1,3,2,137,BUBBLE,S,TIGHT,,,,29,,0,0,0
3,1772942895160,trial_success,running,9,28,1,3,2,137,BUBBLE,S,TIGHT,811,322.625,29,29,1,0,0,539.922
3,1772942895160,trial_start,running,9,28,1,3,3,138,BUBBLE,S,TIGHT,,,,24,,0,0,0
3,1772942896456,trial_success,running,9,28,1,3,3,138,BUBBLE,S,TIGHT,591,357.625,24,24,1,0,0,515.837
3,1772942896456,trial_start,running,9,28,1,3,4,139,BUBBLE,S,TIGHT,,,,6,,0,0,0
3,1772942897372,trial_success,running,9,28,1,3,4,139,BUBBLE,S,TIGHT,124,33.625,6,6,1,0,0,923.49
3,1772942897372,trial_start,running,9,28,1,3,5,140,BUBBLE,S,TIGHT,,,,14,,0,0,0
3,1772942898318,trial_success,running,9,28,1,3,5,140,BUBBLE,S,TIGHT,93,392.625,14,14,1,0,0,1256.622
3,1772942898318,block_end,running,9,28,1,3,5,140,BUBBLE,S,TIGHT,,,,14,,0,0,1256.622
3,1772942898318,rest_screen,rest,9,28,1,3,5,140,BUBBLE,S,TIGHT,,,,-1,,0,0,1256.622
3,1772942898859,block_start,running,9,29,2,3,0,140,BUBBLE,S,TIGHT,,,,-1,,0,0,1256.622
3,1772942898859,trial_start,running,9,29,2,3,1,141,BUBBLE,S,TIGHT,,,,0,,0,0,0
3,1772942899712,trial_success,running,9,29,2,3,1,141,BUBBLE,S,TIGHT,916,368.625,0,0,1,0,0,907.867
3,1772942899712,trial_start,running,9,29,2,3,2,142,BUBBLE,S,TIGHT,,,,12,,0,0,0
3,1772942900571,trial_success,running,9,29,2,3,2,142,BUBBLE,S,TIGHT,339,259.625,12,12,1,0,0,844.122
3,1772942900571,trial_start,running,9,29,2,3,3,143,BUBBLE,S,TIGHT,,,,18,,0,0,0
3,1772942901419,trial_success,running,9,29,2,3,3,143,BUBBLE,S,TIGHT,839,120.625,18,18,1,0,0,675.49
3,1772942901419,trial_start,running,9,29,2,3,4,144,BUBBLE,S,TIGHT,,,,8,,0,0,0
3,1772942902305,trial_success,running,9,29,2,3,4,144,BUBBLE,S,TIGHT,833,164.625,8,8,1,0,0,1056.116
3,1772942902305,trial_start,running,9,29,2,3,5,145,BUBBLE,S,TIGHT,,,,28,,0,0,0
3,1772942903028,trial_success,running,9,29,2,3,5,145,BUBBLE,S,TIGHT,164,134.625,28,28,1,0,0,811.271
3,1772942903028,block_end,running,9,29,2,3,5,145,BUBBLE,S,TIGHT,,,,28,,0,0,811.271
3,1772942903028,rest_screen,rest,9,29,2,3,5,145,BUBBLE,S,TIGHT,,,,-1,,0,0,811.271
3,1772942904129,block_start,running,9,30,3,3,0,145,BUBBLE,S,TIGHT,,,,-1,,0,0,811.271
3,1772942904129,trial_start,running,9,30,3,3,1,146,BUBBLE,S,TIGHT,,,,24,,0,0,0
3,1772942904919,trial_success,running,9,30,3,3,1,146,BUBBLE,S,TIGHT,386,441.625,24,24,1,0,0,1008.214
3,1772942904919,trial_start,running,9,30,3,3,2,147,BUBBLE,S,TIGHT,,,,8,,0,0,0
3,1772942905814,trial_success,running,9,30,3,3,2,147,BUBBLE,S,TIGHT,654,35.625,8,8,1,0,0,631.584
3,1772942905814,trial_start,running,9,30,3,3,3,148,BUBBLE,S,TIGHT,,,,27,,0,0,0
3,1772942906686,trial_success,running,9,30,3,3,3,148,BUBBLE,S,TIGHT,29,449.625,27,27,1,0,0,789.741
3,1772942906686,trial_start,running,9,30,3,3,4,149,BUBBLE,S,TIGHT,,,,21,,0,0,0
3,1772942907576,trial_success,running,9,30,3,3,4,149,BUBBLE,S,TIGHT,699,356.625,21,21,1,0,0,906.497
3,1772942907576,trial_start,running,9,30,3,3,5,150,BUBBLE,S,TIGHT,,,,8,,0,0,0
3,1772942908345,trial_success,running,9,30,3,3,5,150,BUBBLE,S,TIGHT,615,12.625,8,8,1,0,0,825.449
3,1772942908345,block_end,running,9,30,3,3,5,150,BUBBLE,S,TIGHT,,,,8,,0,0,825.449
3,1772942908345,rest_screen,rest,9,30,3,3,5,150,BUBBLE,S,TIGHT,,,,-1,,0,0,825.449
3,1772942979968,block_start,running,10,31,1,3,0,150,BUBBLE,L,MED,,,,-1,,0,0,825.449
3,1772942979968,trial_start,running,10,31,1,3,1,151,BUBBLE,L,MED,,,,3,,0,0,0
3,1772942980703,trial_success,running,10,31,1,3,1,151,BUBBLE,L,MED,651,88.625,3,3,1,0,0,235.241
3,1772942980703,trial_start,running,10,31,1,3,2,152,BUBBLE,L,MED,,,,8,,0,0,0
3,1772942981221,trial_success,running,10,31,1,3,2,152,BUBBLE,L,MED,505,81.625,8,8,1,0,0,282.003
3,1772942981221,trial_start,running,10,31,1,3,3,153,BUBBLE,L,MED,,,,25,,0,0,0
3,1772942981855,trial_success,running,10,31,1,3,3,153,BUBBLE,L,MED,39,355.625,25,25,1,0,0,583.534
3,1772942981855,trial_start,running,10,31,1,3,4,154,BUBBLE,L,MED,,,,17,,0,0,0
3,1772942982434,trial_success,running,10,31,1,3,4,154,BUBBLE,L,MED,617,249.625,17,17,1,0,0,631.383
3,1772942982434,trial_start,running,10,31,1,3,5,155,BUBBLE,L,MED,,,,26,,0,0,0
3,1772942982975,trial_success,running,10,31,1,3,5,155,BUBBLE,L,MED,418,246.625,26,26,1,0,0,350.751
3,1772942982975,block_end,running,10,31,1,3,5,155,BUBBLE,L,MED,,,,26,,0,0,350.751
3,1772942982975,rest_screen,rest,10,31,1,3,5,155,BUBBLE,L,MED,,,,-1,,0,0,350.751
3,1772942983492,block_start,running,10,32,2,3,0,155,BUBBLE,L,MED,,,,-1,,0,0,350.751
3,1772942983492,trial_start,running,10,32,2,3,1,156,BUBBLE,L,MED,,,,24,,0,0,0
3,1772942984160,trial_success,running,10,32,2,3,1,156,BUBBLE,L,MED,839,427.625,24,24,1,0,0,1537.364
3,1772942984160,trial_start,running,10,32,2,3,2,157,BUBBLE,L,MED,,,,13,,0,0,0
3,1772942984857,trial_success,running,10,32,2,3,2,157,BUBBLE,L,MED,222,252.625,13,13,1,0,0,1399.274
3,1772942984857,trial_start,running,10,32,2,3,3,158,BUBBLE,L,MED,,,,4,,0,0,0
3,1772942985551,trial_success,running,10,32,2,3,3,158,BUBBLE,L,MED,79,54.625,4,4,1,0,0,1349.941
3,1772942985551,trial_start,running,10,32,2,3,4,159,BUBBLE,L,MED,,,,10,,0,0,0
3,1772942986241,trial_success,running,10,32,2,3,4,159,BUBBLE,L,MED,766,208.625,10,10,1,0,0,1056.74
3,1772942986241,trial_start,running,10,32,2,3,5,160,BUBBLE,L,MED,,,,6,,0,0,0
3,1772942986872,trial_success,running,10,32,2,3,5,160,BUBBLE,L,MED,644,315.625,6,6,1,0,0,647.252
3,1772942986872,block_end,running,10,32,2,3,5,160,BUBBLE,L,MED,,,,6,,0,0,647.252
3,1772942986872,rest_screen,rest,10,32,2,3,5,160,BUBBLE,L,MED,,,,-1,,0,0,647.252
3,1772942987343,block_start,running,10,33,3,3,0,160,BUBBLE,L,MED,,,,-1,,0,0,647.252
3,1772942987343,trial_start,running,10,33,3,3,1,161,BUBBLE,L,MED,,,,18,,0,0,0
3,1772942988068,trial_success,running,10,33,3,3,1,161,BUBBLE,L,MED,673,84.625,18,18,1,0,0,936.155
3,1772942988068,trial_start,running,10,33,3,3,2,162,BUBBLE,L,MED,,,,27,,0,0,0
3,1772942988727,trial_success,running,10,33,3,3,2,162,BUBBLE,L,MED,453,433.625,27,27,1,0,0,497.338
3,1772942988727,trial_start,running,10,33,3,3,3,163,BUBBLE,L,MED,,,,13,,0,0,0
3,1772942989348,trial_success,running,10,33,3,3,3,163,BUBBLE,L,MED,774,316.625,13,13,1,0,0,891.519
3,1772942989348,trial_start,running,10,33,3,3,4,164,BUBBLE,L,MED,,,,21,,0,0,0
3,1772942989893,trial_success,running,10,33,3,3,4,164,BUBBLE,L,MED,741,200.625,21,21,1,0,0,239.105
3,1772942989893,trial_start,running,10,33,3,3,5,165,BUBBLE,L,MED,,,,22,,0,0,0
3,1772942990444,trial_success,running,10,33,3,3,5,165,BUBBLE,L,MED,868,268.625,22,22,1,0,0,654.585
3,1772942990444,block_end,running,10,33,3,3,5,165,BUBBLE,L,MED,,,,22,,0,0,654.585
3,1772942990444,rest_screen,rest,10,33,3,3,5,165,BUBBLE,L,MED,,,,-1,,0,0,654.585
3,1772942990997,block_start,running,11,34,1,3,0,165,BUBBLE,S,MED,,,,-1,,0,0,654.585
3,1772942990997,trial_start,running,11,34,1,3,1,166,BUBBLE,S,MED,,,,21,,0,0,0
3,1772942991803,trial_success,running,11,34,1,3,1,166,BUBBLE,S,MED,38,223.625,21,21,1,0,0,700.17
3,1772942991803,trial_start,running,11,34,1,3,2,167,BUBBLE,S,MED,,,,19,,0,0,0
3,1772942992654,trial_success,running,11,34,1,3,2,167,BUBBLE,S,MED,248,83.625,19,19,1,0,0,738.275
3,1772942992654,trial_start,running,11,34,1,3,3,168,BUBBLE,S,MED,,,,28,,0,0,0
3,1772942993396,trial_success,running,11,34,1,3,3,168,BUBBLE,S,MED,886,394.625,28,28,1,0,0,806.915
3,1772942993396,trial_start,running,11,34,1,3,4,169,BUBBLE,S,MED,,,,25,,0,0,0
3,1772942994169,trial_success,running,11,34,1,3,4,169,BUBBLE,S,MED,553,103.625,25,25,1,0,0,621.052
3,1772942994169,trial_start,running,11,34,1,3,5,170,BUBBLE,S,MED,,,,13,,0,0,0
3,1772942995009,trial_success,running,11,34,1,3,5,170,BUBBLE,S,MED,176,393.625,13,13,1,0,0,571.949
3,1772942995009,block_end,running,11,34,1,3,5,170,BUBBLE,S,MED,,,,13,,0,0,571.949
3,1772942995009,rest_screen,rest,11,34,1,3,5,170,BUBBLE,S,MED,,,,-1,,0,0,571.949
3,1772942995404,block_start,running,11,35,2,3,0,170,BUBBLE,S,MED,,,,-1,,0,0,571.949
3,1772942995404,trial_start,running,11,35,2,3,1,171,BUBBLE,S,MED,,,,1,,0,0,0
3,1772942996212,trial_success,running,11,35,2,3,1,171,BUBBLE,S,MED,87,76.625,1,1,1,0,0,698.049
3,1772942996212,trial_start,running,11,35,2,3,2,172,BUBBLE,S,MED,,,,20,,0,0,0
3,1772942996936,trial_success,running,11,35,2,3,2,172,BUBBLE,S,MED,831,263.625,20,20,1,0,0,870.929
3,1772942996936,trial_start,running,11,35,2,3,3,173,BUBBLE,S,MED,,,,6,,0,0,0
3,1772942997730,trial_success,running,11,35,2,3,3,173,BUBBLE,S,MED,210,103.625,6,6,1,0,0,775.633
3,1772942997730,trial_start,running,11,35,2,3,4,174,BUBBLE,S,MED,,,,19,,0,0,0
3,1772942998491,trial_success,running,11,35,2,3,4,174,BUBBLE,S,MED,760,99.625,19,19,1,0,0,686.667
3,1772942998491,trial_start,running,11,35,2,3,5,175,BUBBLE,S,MED,,,,7,,0,0,0
3,1772942999261,trial_success,running,11,35,2,3,5,175,BUBBLE,S,MED,40,89.625,7,7,1,0,0,831.036
3,1772942999261,block_end,running,11,35,2,3,5,175,BUBBLE,S,MED,,,,7,,0,0,831.036
3,1772942999261,rest_screen,rest,11,35,2,3,5,175,BUBBLE,S,MED,,,,-1,,0,0,831.036
3,1772942999614,block_start,running,11,36,3,3,0,175,BUBBLE,S,MED,,,,-1,,0,0,831.036
3,1772942999614,trial_start,running,11,36,3,3,1,176,BUBBLE,S,MED,,,,4,,0,0,0
3,1772943000343,trial_success,running,11,36,3,3,1,176,BUBBLE,S,MED,556,221.625,4,4,1,0,0,615.529
3,1772943000343,trial_start,running,11,36,3,3,2,177,BUBBLE,S,MED,,,,6,,0,0,0
3,1772943001014,trial_success,running,11,36,3,3,2,177,BUBBLE,S,MED,446,47.625,6,6,1,0,0,411.981
3,1772943001014,trial_start,running,11,36,3,3,3,178,BUBBLE,S,MED,,,,3,,0,0,0
3,1772943001694,trial_success,running,11,36,3,3,3,178,BUBBLE,S,MED,727,155.625,3,3,1,0,0,362.13
3,1772943001694,trial_start,running,11,36,3,3,4,179,BUBBLE,S,MED,,,,21,,0,0,0
3,1772943002457,trial_success,running,11,36,3,3,4,179,BUBBLE,S,MED,82,70.625,21,21,1,0,0,880.644
3,1772943002457,trial_start,running,11,36,3,3,5,180,BUBBLE,S,MED,,,,15,,0,0,0
3,1772943003248,trial_success,running,11,36,3,3,5,180,BUBBLE,S,MED,842,420.625,15,15,1,0,0,854.836
3,1772943003248,block_end,running,11,36,3,3,5,180,BUBBLE,S,MED,,,,15,,0,0,854.836
3,1772943003248,rest_screen,rest,11,36,3,3,5,180,BUBBLE,S,MED,,,,-1,,0,0,854.836
3,1772943003600,block_start,running,12,37,1,3,0,180,BUBBLE,M,LOOSE,,,,-1,,0,0,854.836
3,1772943003600,trial_start,running,12,37,1,3,1,181,BUBBLE,M,LOOSE,,,,12,,0,0,0
3,1772943004247,trial_success,running,12,37,1,3,1,181,BUBBLE,M,LOOSE,877,142.625,12,12,1,0,0,619.683
3,1772943004247,trial_start,running,12,37,1,3,2,182,BUBBLE,M,LOOSE,,,,22,,0,0,0
3,1772943005027,trial_success,running,12,37,1,3,2,182,BUBBLE,M,LOOSE,131,339.625,22,22,1,0,0,939.36
3,1772943005027,trial_start,running,12,37,1,3,3,183,BUBBLE,M,LOOSE,,,,6,,0,0,0
3,1772943005759,trial_success,running,12,37,1,3,3,183,BUBBLE,M,LOOSE,80,178.625,6,6,1,0,0,894.846
3,1772943005759,trial_start,running,12,37,1,3,4,184,BUBBLE,M,LOOSE,,,,13,,0,0,0
3,1772943006270,trial_success,running,12,37,1,3,4,184,BUBBLE,M,LOOSE,514,243.625,13,13,1,0,0,451.958
3,1772943006270,trial_start,running,12,37,1,3,5,185,BUBBLE,M,LOOSE,,,,21,,0,0,0
3,1772943006924,trial_success,running,12,37,1,3,5,185,BUBBLE,M,LOOSE,197,53.625,21,21,1,0,0,814.627
3,1772943006924,block_end,running,12,37,1,3,5,185,BUBBLE,M,LOOSE,,,,21,,0,0,814.627
3,1772943006924,rest_screen,rest,12,37,1,3,5,185,BUBBLE,M,LOOSE,,,,-1,,0,0,814.627
3,1772943007259,block_start,running,12,38,2,3,0,185,BUBBLE,M,LOOSE,,,,-1,,0,0,814.627
3,1772943007259,trial_start,running,12,38,2,3,1,186,BUBBLE,M,LOOSE,,,,2,,0,0,0
3,1772943007916,trial_success,running,12,38,2,3,1,186,BUBBLE,M,LOOSE,487,407.625,2,2,1,0,0,672.08
3,1772943007916,trial_start,running,12,38,2,3,2,187,BUBBLE,M,LOOSE,,,,9,,0,0,0
3,1772943008590,trial_success,running,12,38,2,3,2,187,BUBBLE,M,LOOSE,326,77.625,9,9,1,0,0,571.803
3,1772943008590,trial_start,running,12,38,2,3,3,188,BUBBLE,M,LOOSE,,,,20,,0,0,0
3,1772943009267,trial_success,running,12,38,2,3,3,188,BUBBLE,M,LOOSE,351,388.625,20,20,1,0,0,742.424
3,1772943009267,trial_start,running,12,38,2,3,4,189,BUBBLE,M,LOOSE,,,,18,,0,0,0
3,1772943009907,trial_success,running,12,38,2,3,4,189,BUBBLE,M,LOOSE,612,451.625,18,18,1,0,0,548.28
3,1772943009907,trial_start,running,12,38,2,3,5,190,BUBBLE,M,LOOSE,,,,9,,0,0,0
3,1772943010566,trial_success,running,12,38,2,3,5,190,BUBBLE,M,LOOSE,318,76.625,9,9,1,0,0,539.277
3,1772943010566,block_end,running,12,38,2,3,5,190,BUBBLE,M,LOOSE,,,,9,,0,0,539.277
3,1772943010566,rest_screen,rest,12,38,2,3,5,190,BUBBLE,M,LOOSE,,,,-1,,0,0,539.277
3,1772943010934,block_start,running,12,39,3,3,0,190,BUBBLE,M,LOOSE,,,,-1,,0,0,539.277
3,1772943010934,trial_start,running,12,39,3,3,1,191,BUBBLE,M,LOOSE,,,,6,,0,0,0
3,1772943011669,trial_success,running,12,39,3,3,1,191,BUBBLE,M,LOOSE,157,320.625,6,6,1,0,0,480.551
3,1772943011669,trial_start,running,12,39,3,3,2,192,BUBBLE,M,LOOSE,,,,28,,0,0,0
3,1772943012389,trial_success,running,12,39,3,3,2,192,BUBBLE,M,LOOSE,314,356.625,28,28,1,0,0,731.146
3,1772943012389,trial_start,running,12,39,3,3,3,193,BUBBLE,M,LOOSE,,,,23,,0,0,0
3,1772943012992,trial_success,running,12,39,3,3,3,193,BUBBLE,M,LOOSE,394,105.625,23,23,1,0,0,751.221
3,1772943012992,trial_start,running,12,39,3,3,4,194,BUBBLE,M,LOOSE,,,,3,,0,0,0
3,1772943013417,trial_success,running,12,39,3,3,4,194,BUBBLE,M,LOOSE,579,294.625,3,3,1,0,0,331.98
3,1772943013417,trial_start,running,12,39,3,3,5,195,BUBBLE,M,LOOSE,,,,0,,0,0,0
3,1772943013964,trial_success,running,12,39,3,3,5,195,BUBBLE,M,LOOSE,638,120.625,0,0,1,0,0,503.013
3,1772943013964,block_end,running,12,39,3,3,5,195,BUBBLE,M,LOOSE,,,,0,,0,0,503.013
3,1772943013964,rest_screen,rest,12,39,3,3,5,195,BUBBLE,M,LOOSE,,,,-1,,0,0,503.013
3,1772943014286,block_start,running,13,40,1,3,0,195,BUBBLE,M,TIGHT,,,,-1,,0,0,503.013
3,1772943014286,trial_start,running,13,40,1,3,1,196,BUBBLE,M,TIGHT,,,,22,,0,0,0
3,1772943014835,trial_success,running,13,40,1,3,1,196,BUBBLE,M,TIGHT,403,218.625,22,22,1,0,0,430.088
3,1772943014835,trial_start,running,13,40,1,3,2,197,BUBBLE,M,TIGHT,,,,29,,0,0,0
3,1772943015479,trial_success,running,13,40,1,3,2,197,BUBBLE,M,TIGHT,865,251.625,29,29,1,0,0,506.969
3,1772943015479,trial_start,running,13,40,1,3,3,198,BUBBLE,M,TIGHT,,,,10,,0,0,0
3,1772943016110,trial_success,running,13,40,1,3,3,198,BUBBLE,M,TIGHT,278,208.625,10,10,1,0,0,749.936
3,1772943016110,trial_start,running,13,40,1,3,4,199,BUBBLE,M,TIGHT,,,,12,,0,0,0
3,1772943016767,trial_success,running,13,40,1,3,4,199,BUBBLE,M,TIGHT,685,218.625,12,12,1,0,0,518.74
3,1772943016767,trial_start,running,13,40,1,3,5,200,BUBBLE,M,TIGHT,,,,7,,0,0,0
3,1772943017395,trial_success,running,13,40,1,3,5,200,BUBBLE,M,TIGHT,313,101.625,7,7,1,0,0,537.574
3,1772943017395,block_end,running,13,40,1,3,5,200,BUBBLE,M,TIGHT,,,,7,,0,0,537.574
3,1772943017395,rest_screen,rest,13,40,1,3,5,200,BUBBLE,M,TIGHT,,,,-1,,0,0,537.574
3,1772943017812,block_start,running,13,41,2,3,0,200,BUBBLE,M,TIGHT,,,,-1,,0,0,537.574
3,1772943017812,trial_start,running,13,41,2,3,1,201,BUBBLE,M,TIGHT,,,,14,,0,0,0
3,1772943018682,trial_success,running,13,41,2,3,1,201,BUBBLE,M,TIGHT,714,50.625,14,14,1,0,0,667.407
3,1772943018682,trial_start,running,13,41,2,3,2,202,BUBBLE,M,TIGHT,,,,2,,0,0,0
3,1772943019378,trial_success,running,13,41,2,3,2,202,BUBBLE,M,TIGHT,882,439.625,2,2,1,0,0,738.965
3,1772943019378,trial_start,running,13,41,2,3,3,203,BUBBLE,M,TIGHT,,,,19,,0,0,0
3,1772943020270,trial_success,running,13,41,2,3,3,203,BUBBLE,M,TIGHT,471,418.625,19,19,1,0,0,850.398
3,1772943020270,trial_start,running,13,41,2,3,4,204,BUBBLE,M,TIGHT,,,,9,,0,0,0
3,1772943020762,trial_success,running,13,41,2,3,4,204,BUBBLE,M,TIGHT,535,234.625,9,9,1,0,0,219.96
3,1772943020762,trial_start,running,13,41,2,3,5,205,BUBBLE,M,TIGHT,,,,26,,0,0,0
3,1772943021313,trial_success,running,13,41,2,3,5,205,BUBBLE,M,TIGHT,849,68.625,26,26,1,0,0,368.422
3,1772943021313,block_end,running,13,41,2,3,5,205,BUBBLE,M,TIGHT,,,,26,,0,0,368.422
3,1772943021313,rest_screen,rest,13,41,2,3,5,205,BUBBLE,M,TIGHT,,,,-1,,0,0,368.422
3,1772943021613,block_start,running,13,42,3,3,0,205,BUBBLE,M,TIGHT,,,,-1,,0,0,368.422
3,1772943021614,trial_start,running,13,42,3,3,1,206,BUBBLE,M,TIGHT,,,,15,,0,0,0
3,1772943022191,trial_success,running,13,42,3,3,1,206,BUBBLE,M,TIGHT,339,151.625,15,15,1,0,0,360.147
3,1772943022191,trial_start,running,13,42,3,3,2,207,BUBBLE,M,TIGHT,,,,9,,0,0,0
3,1772943022784,trial_success,running,13,42,3,3,2,207,BUBBLE,M,TIGHT,288,382.625,9,9,1,0,0,368.747
3,1772943022784,trial_start,running,13,42,3,3,3,208,BUBBLE,M,TIGHT,,,,23,,0,0,0
3,1772943023295,trial_success,running,13,42,3,3,3,208,BUBBLE,M,TIGHT,164,401.625,23,23,1,0,0,521.005
3,1772943023296,trial_start,running,13,42,3,3,4,209,BUBBLE,M,TIGHT,,,,2,,0,0,0
3,1772943023958,trial_success,running,13,42,3,3,4,209,BUBBLE,M,TIGHT,818,104.625,2,2,1,0,0,775.058
3,1772943023958,trial_start,running,13,42,3,3,5,210,BUBBLE,M,TIGHT,,,,4,,0,0,0
3,1772943024623,trial_success,running,13,42,3,3,5,210,BUBBLE,M,TIGHT,833,205.625,4,4,1,0,0,716.002
3,1772943024623,block_end,running,13,42,3,3,5,210,BUBBLE,M,TIGHT,,,,4,,0,0,716.002
3,1772943024623,rest_screen,rest,13,42,3,3,5,210,BUBBLE,M,TIGHT,,,,-1,,0,0,716.002
3,1772943025002,block_start,running,14,43,1,3,0,210,BUBBLE,L,LOOSE,,,,-1,,0,0,716.002
3,1772943025002,trial_start,running,14,43,1,3,1,211,BUBBLE,L,LOOSE,,,,9,,0,0,0
3,1772943025568,trial_success,running,14,43,1,3,1,211,BUBBLE,L,LOOSE,196,257.625,9,9,1,0,0,429.546
3,1772943025568,trial_start,running,14,43,1,3,2,212,BUBBLE,L,LOOSE,,,,23,,0,0,0
3,1772943026150,trial_success,running,14,43,1,3,2,212,BUBBLE,L,LOOSE,105,61.625,23,23,1,0,0,629.994
3,1772943026150,trial_start,running,14,43,1,3,3,213,BUBBLE,L,LOOSE,,,,17,,0,0,0
3,1772943026730,trial_success,running,14,43,1,3,3,213,BUBBLE,L,LOOSE,680,153.625,17,17,1,0,0,694.553
3,1772943026730,trial_start,running,14,43,1,3,4,214,BUBBLE,L,LOOSE,,,,14,,0,0,0
3,1772943027339,trial_success,running,14,43,1,3,4,214,BUBBLE,L,LOOSE,372,72.625,14,14,1,0,0,472.03
3,1772943027339,trial_start,running,14,43,1,3,5,215,BUBBLE,L,LOOSE,,,,27,,0,0,0
3,1772943027911,trial_success,running,14,43,1,3,5,215,BUBBLE,L,LOOSE,511,31.625,27,27,1,0,0,373.125
3,1772943027911,block_end,running,14,43,1,3,5,215,BUBBLE,L,LOOSE,,,,27,,0,0,373.125
3,1772943027911,rest_screen,rest,14,43,1,3,5,215,BUBBLE,L,LOOSE,,,,-1,,0,0,373.125
3,1772943028287,block_start,running,14,44,2,3,0,215,BUBBLE,L,LOOSE,,,,-1,,0,0,373.125
3,1772943028287,trial_start,running,14,44,2,3,1,216,BUBBLE,L,LOOSE,,,,9,,0,0,0
3,1772943028812,trial_success,running,14,44,2,3,1,216,BUBBLE,L,LOOSE,375,254.625,9,9,1,0,0,308.52
3,1772943028812,trial_start,running,14,44,2,3,2,217,BUBBLE,L,LOOSE,,,,14,,0,0,0
3,1772943029342,trial_success,running,14,44,2,3,2,217,BUBBLE,L,LOOSE,597,401.625,14,14,1,0,0,295.196
3,1772943029342,trial_start,running,14,44,2,3,3,218,BUBBLE,L,LOOSE,,,,22,,0,0,0
3,1772943029831,trial_success,running,14,44,2,3,3,218,BUBBLE,L,LOOSE,620,303.625,22,22,1,0,0,209.545
3,1772943029831,trial_start,running,14,44,2,3,4,219,BUBBLE,L,LOOSE,,,,17,,0,0,0
3,1772943030445,trial_success,running,14,44,2,3,4,219,BUBBLE,L,LOOSE,919,139.625,17,17,1,0,0,429.756
3,1772943030445,trial_start,running,14,44,2,3,5,220,BUBBLE,L,LOOSE,,,,1,,0,0,0
3,1772943031015,trial_success,running,14,44,2,3,5,220,BUBBLE,L,LOOSE,666,356.625,1,1,1,0,0,365.943
3,1772943031015,block_end,running,14,44,2,3,5,220,BUBBLE,L,LOOSE,,,,1,,0,0,365.943
3,1772943031015,rest_screen,rest,14,44,2,3,5,220,BUBBLE,L,LOOSE,,,,-1,,0,0,365.943
3,1772943031367,block_start,running,14,45,3,3,0,220,BUBBLE,L,LOOSE,,,,-1,,0,0,365.943
3,1772943031367,trial_start,running,14,45,3,3,1,221,BUBBLE,L,LOOSE,,,,29,,0,0,0
3,1772943032036,trial_success,running,14,45,3,3,1,221,BUBBLE,L,LOOSE,615,329.625,29,29,1,0,0,297.739
3,1772943032036,trial_start,running,14,45,3,3,2,222,BUBBLE,L,LOOSE,,,,7,,0,0,0
3,1772943032551,trial_success,running,14,45,3,3,2,222,BUBBLE,L,LOOSE,745,133.625,7,7,1,0,0,429.792
3,1772943032551,trial_start,running,14,45,3,3,3,223,BUBBLE,L,LOOSE,,,,16,,0,0,0
3,1772943033104,trial_success,running,14,45,3,3,3,223,BUBBLE,L,LOOSE,608,401.625,16,16,1,0,0,357.152
3,1772943033104,trial_start,running,14,45,3,3,4,224,BUBBLE,L,LOOSE,,,,25,,0,0,0
3,1772943033618,trial_success,running,14,45,3,3,4,224,BUBBLE,L,LOOSE,845,95.625,25,25,1,0,0,408.447
3,1772943033618,trial_start,running,14,45,3,3,5,225,BUBBLE,L,LOOSE,,,,12,,0,0,0
3,1772943034224,trial_success,running,14,45,3,3,5,225,BUBBLE,L,LOOSE,441,425.625,12,12,1,0,0,561.366
3,1772943034224,block_end,running,14,45,3,3,5,225,BUBBLE,L,LOOSE,,,,12,,0,0,561.366
3,1772943034224,rest_screen,rest,14,45,3,3,5,225,BUBBLE,L,LOOSE,,,,-1,,0,0,561.366
3,1772943034543,block_start,running,15,46,1,3,0,225,BUBBLE,L,TIGHT,,,,-1,,0,0,561.366
3,1772943034543,trial_start,running,15,46,1,3,1,226,BUBBLE,L,TIGHT,,,,11,,0,0,0
3,1772943035150,trial_success,running,15,46,1,3,1,226,BUBBLE,L,TIGHT,687,436.625,11,11,1,0,0,394.024
3,1772943035150,trial_start,running,15,46,1,3,2,227,BUBBLE,L,TIGHT,,,,3,,0,0,0
3,1772943035647,trial_success,running,15,46,1,3,2,227,BUBBLE,L,TIGHT,700,267.625,3,3,1,0,0,328.171
3,1772943035647,trial_start,running,15,46,1,3,3,228,BUBBLE,L,TIGHT,,,,1,,0,0,0
3,1772943036213,trial_success,running,15,46,1,3,3,228,BUBBLE,L,TIGHT,355,252.625,1,1,1,0,0,453.789
3,1772943036213,trial_start,running,15,46,1,3,4,229,BUBBLE,L,TIGHT,,,,18,,0,0,0
3,1772943036830,trial_error_click,running,15,46,1,3,4,229,BUBBLE,L,TIGHT,439,268.625,29,18,0,1,0,300.683
3,1772943037235,trial_success,running,15,46,1,3,4,229,BUBBLE,L,TIGHT,434,217.625,18,18,1,1,0,362.43
3,1772943037235,trial_start,running,15,46,1,3,5,230,BUBBLE,L,TIGHT,,,,29,,0,0,0
3,1772943037895,trial_success,running,15,46,1,3,5,230,BUBBLE,L,TIGHT,392,269.625,29,29,1,0,0,467.319
3,1772943037895,block_end,running,15,46,1,3,5,230,BUBBLE,L,TIGHT,,,,29,,0,0,467.319
3,1772943037895,rest_screen,rest,15,46,1,3,5,230,BUBBLE,L,TIGHT,,,,-1,,0,0,467.319
3,1772943038409,block_start,running,15,47,2,3,0,230,BUBBLE,L,TIGHT,,,,-1,,0,0,467.319
3,1772943038409,trial_start,running,15,47,2,3,1,231,BUBBLE,L,TIGHT,,,,24,,0,0,0
3,1772943039273,trial_success,running,15,47,2,3,1,231,BUBBLE,L,TIGHT,697,244.625,24,24,1,0,0,376.819
3,1772943039273,trial_start,running,15,47,2,3,2,232,BUBBLE,L,TIGHT,,,,27,,0,0,0
3,1772943040001,trial_success,running,15,47,2,3,2,232,BUBBLE,L,TIGHT,141,434.625,27,27,1,0,0,604.8
3,1772943040001,trial_start,running,15,47,2,3,3,233,BUBBLE,L,TIGHT,,,,25,,0,0,0
3,1772943040740,trial_success,running,15,47,2,3,3,233,BUBBLE,L,TIGHT,716,338.625,25,25,1,0,0,732.196
3,1772943040740,trial_start,running,15,47,2,3,4,234,BUBBLE,L,TIGHT,,,,22,,0,0,0
3,1772943041552,trial_success,running,15,47,2,3,4,234,BUBBLE,L,TIGHT,873,269.625,22,22,1,0,0,725.965
3,1772943041552,trial_start,running,15,47,2,3,5,235,BUBBLE,L,TIGHT,,,,18,,0,0,0
3,1772943042100,trial_success,running,15,47,2,3,5,235,BUBBLE,L,TIGHT,563,328.625,18,18,1,0,0,394.11
3,1772943042100,block_end,running,15,47,2,3,5,235,BUBBLE,L,TIGHT,,,,18,,0,0,394.11
3,1772943042100,rest_screen,rest,15,47,2,3,5,235,BUBBLE,L,TIGHT,,,,-1,,0,0,394.11
3,1772943042482,block_start,running,15,48,3,3,0,235,BUBBLE,L,TIGHT,,,,-1,,0,0,394.11
3,1772943042482,trial_start,running,15,48,3,3,1,236,BUBBLE,L,TIGHT,,,,0,,0,0,0
3,1772943043150,trial_success,running,15,48,3,3,1,236,BUBBLE,L,TIGHT,832,430.625,0,0,1,0,0,649.353
3,1772943043150,trial_start,running,15,48,3,3,2,237,BUBBLE,L,TIGHT,,,,4,,0,0,0
3,1772943043777,trial_success,running,15,48,3,3,2,237,BUBBLE,L,TIGHT,596,179.625,4,4,1,0,0,483.995
3,1772943043777,trial_start,running,15,48,3,3,3,238,BUBBLE,L,TIGHT,,,,26,,0,0,0
3,1772943044370,trial_success,running,15,48,3,3,3,238,BUBBLE,L,TIGHT,312,66.625,26,26,1,0,0,398.958
3,1772943044370,trial_start,running,15,48,3,3,4,239,BUBBLE,L,TIGHT,,,,13,,0,0,0
3,1772943044980,trial_success,running,15,48,3,3,4,239,BUBBLE,L,TIGHT,888,330.625,13,13,1,0,0,672.392
3,1772943044980,trial_start,running,15,48,3,3,5,240,BUBBLE,L,TIGHT,,,,14,,0,0,0
3,1772943045611,trial_success,running,15,48,3,3,5,240,BUBBLE,L,TIGHT,640,121.625,14,14,1,0,0,480.577
3,1772943045611,block_end,running,15,48,3,3,5,240,BUBBLE,L,TIGHT,,,,14,,0,0,480.577
3,1772943045611,rest_screen,rest,15,48,3,3,5,240,BUBBLE,L,TIGHT,,,,-1,,0,0,480.577
3,1772943045995,block_start,running,16,49,1,3,0,240,BUBBLE,M,MED,,,,-1,,0,0,480.577
3,1772943045995,trial_start,running,16,49,1,3,1,241,BUBBLE,M,MED,,,,2,,0,0,0
3,1772943046913,trial_success,running,16,49,1,3,1,241,BUBBLE,M,MED,612,466.625,2,2,1,0,0,713.928
3,1772943046913,trial_start,running,16,49,1,3,2,242,BUBBLE,M,MED,,,,5,,0,0,0
3,1772943047466,trial_success,running,16,49,1,3,2,242,BUBBLE,M,MED,504,381.625,5,5,1,0,0,397.394
3,1772943047466,trial_start,running,16,49,1,3,3,243,BUBBLE,M,MED,,,,3,,0,0,0
3,1772943047999,trial_success,running,16,49,1,3,3,243,BUBBLE,M,MED,504,184.625,3,3,1,0,0,363.691
3,1772943047999,trial_start,running,16,49,1,3,4,244,BUBBLE,M,MED,,,,0,,0,0,0
3,1772943048530,trial_success,running,16,49,1,3,4,244,BUBBLE,M,MED,684,160.625,0,0,1,0,0,391.085
3,1772943048530,trial_start,running,16,49,1,3,5,245,BUBBLE,M,MED,,,,25,,0,0,0
3,1772943049039,trial_success,running,16,49,1,3,5,245,BUBBLE,M,MED,437,81.625,25,25,1,0,0,333.388
3,1772943049039,block_end,running,16,49,1,3,5,245,BUBBLE,M,MED,,,,25,,0,0,333.388
3,1772943049039,rest_screen,rest,16,49,1,3,5,245,BUBBLE,M,MED,,,,-1,,0,0,333.388
3,1772943049429,block_start,running,16,50,2,3,0,245,BUBBLE,M,MED,,,,-1,,0,0,333.388
3,1772943049429,trial_start,running,16,50,2,3,1,246,BUBBLE,M,MED,,,,10,,0,0,0
3,1772943050015,trial_success,running,16,50,2,3,1,246,BUBBLE,M,MED,699,93.625,10,10,1,0,0,467.565
3,1772943050015,trial_start,running,16,50,2,3,2,247,BUBBLE,M,MED,,,,29,,0,0,0
3,1772943050661,trial_success,running,16,50,2,3,2,247,BUBBLE,M,MED,617,369.625,29,29,1,0,0,531.094
3,1772943050662,trial_start,running,16,50,2,3,3,248,BUBBLE,M,MED,,,,17,,0,0,0
3,1772943051219,trial_success,running,16,50,2,3,3,248,BUBBLE,M,MED,222,416.625,17,17,1,0,0,444.017
3,1772943051219,trial_start,running,16,50,2,3,4,249,BUBBLE,M,MED,,,,16,,0,0,0
3,1772943051873,trial_success,running,16,50,2,3,4,249,BUBBLE,M,MED,405,201.625,16,16,1,0,0,432.968
3,1772943051873,trial_start,running,16,50,2,3,5,250,BUBBLE,M,MED,,,,4,,0,0,0
3,1772943052440,trial_success,running,16,50,2,3,5,250,BUBBLE,M,MED,770,165.625,4,4,1,0,0,406.787
3,1772943052440,block_end,running,16,50,2,3,5,250,BUBBLE,M,MED,,,,4,,0,0,406.787
3,1772943052440,rest_screen,rest,16,50,2,3,5,250,BUBBLE,M,MED,,,,-1,,0,0,406.787
3,1772943052832,block_start,running,16,51,3,3,0,250,BUBBLE,M,MED,,,,-1,,0,0,406.787
3,1772943052832,trial_start,running,16,51,3,3,1,251,BUBBLE,M,MED,,,,12,,0,0,0
3,1772943053477,trial_success,running,16,51,3,3,1,251,BUBBLE,M,MED,563,145.625,12,12,1,0,0,512.873
3,1772943053477,trial_start,running,16,51,3,3,2,252,BUBBLE,M,MED,,,,14,,0,0,0
3,1772943053951,trial_success,running,16,51,3,3,2,252,BUBBLE,M,MED,346,237.625,14,14,1,0,0,311.069
3,1772943053951,trial_start,running,16,51,3,3,3,253,BUBBLE,M,MED,,,,19,,0,0,0
3,1772943054522,trial_success,running,16,51,3,3,3,253,BUBBLE,M,MED,257,393.625,19,19,1,0,0,356.701
3,1772943054522,trial_start,running,16,51,3,3,4,254,BUBBLE,M,MED,,,,8,,0,0,0
3,1772943055103,trial_success,running,16,51,3,3,4,254,BUBBLE,M,MED,580,235.625,8,8,1,0,0,429.24
3,1772943055103,trial_start,running,16,51,3,3,5,255,BUBBLE,M,MED,,,,6,,0,0,0
3,1772943055682,trial_success,running,16,51,3,3,5,255,BUBBLE,M,MED,354,119.625,6,6,1,0,0,472.902
3,1772943055682,block_end,running,16,51,3,3,5,255,BUBBLE,M,MED,,,,6,,0,0,472.902
3,1772943055682,rest_screen,rest,16,51,3,3,5,255,BUBBLE,M,MED,,,,-1,,0,0,472.902
3,1772943056020,block_start,running,17,52,1,3,0,255,BUBBLE,S,LOOSE,,,,-1,,0,0,472.902
3,1772943056020,trial_start,running,17,52,1,3,1,256,BUBBLE,S,LOOSE,,,,18,,0,0,0
3,1772943056845,trial_success,running,17,52,1,3,1,256,BUBBLE,S,LOOSE,124,88.625,18,18,1,0,0,775.25
3,1772943056845,trial_start,running,17,52,1,3,2,257,BUBBLE,S,LOOSE,,,,1,,0,0,0
3,1772943057474,trial_success,running,17,52,1,3,2,257,BUBBLE,S,LOOSE,817,296.625,1,1,1,0,0,899.415
3,1772943057474,trial_start,running,17,52,1,3,3,258,BUBBLE,S,LOOSE,,,,27,,0,0,0
3,1772943058338,trial_success,running,17,52,1,3,3,258,BUBBLE,S,LOOSE,867,458.625,27,27,1,0,0,1102.936
3,1772943058338,trial_start,running,17,52,1,3,4,259,BUBBLE,S,LOOSE,,,,18,,0,0,0
3,1772943059128,trial_success,running,17,52,1,3,4,259,BUBBLE,S,LOOSE,139,83.625,18,18,1,0,0,1068.034
3,1772943059128,trial_start,running,17,52,1,3,5,260,BUBBLE,S,LOOSE,,,,19,,0,0,0
3,1772943059822,trial_success,running,17,52,1,3,5,260,BUBBLE,S,LOOSE,650,53.625,19,19,1,0,0,785.663
3,1772943059822,block_end,running,17,52,1,3,5,260,BUBBLE,S,LOOSE,,,,19,,0,0,785.663
3,1772943059822,rest_screen,rest,17,52,1,3,5,260,BUBBLE,S,LOOSE,,,,-1,,0,0,785.663
3,1772943060235,block_start,running,17,53,2,3,0,260,BUBBLE,S,LOOSE,,,,-1,,0,0,785.663
3,1772943060235,trial_start,running,17,53,2,3,1,261,BUBBLE,S,LOOSE,,,,23,,0,0,0
3,1772943061081,trial_success,running,17,53,2,3,1,261,BUBBLE,S,LOOSE,125,32.625,23,23,1,0,0,575.443
3,1772943061081,trial_start,running,17,53,2,3,2,262,BUBBLE,S,LOOSE,,,,9,,0,0,0
3,1772943062110,trial_success,running,17,53,2,3,2,262,BUBBLE,S,LOOSE,202,199.625,9,9,1,0,0,1088.527
3,1772943062110,trial_start,running,17,53,2,3,3,263,BUBBLE,S,LOOSE,,,,19,,0,0,0
3,1772943062907,trial_success,running,17,53,2,3,3,263,BUBBLE,S,LOOSE,145,176.625,19,19,1,0,0,1205
3,1772943062907,trial_start,running,17,53,2,3,4,264,BUBBLE,S,LOOSE,,,,4,,0,0,0
3,1772943063602,trial_success,running,17,53,2,3,4,264,BUBBLE,S,LOOSE,657,399.625,4,4,1,0,0,648.765
3,1772943063602,trial_start,running,17,53,2,3,5,265,BUBBLE,S,LOOSE,,,,21,,0,0,0
3,1772943064231,trial_success,running,17,53,2,3,5,265,BUBBLE,S,LOOSE,393,317.625,21,21,1,0,0,447.09
3,1772943064231,block_end,running,17,53,2,3,5,265,BUBBLE,S,LOOSE,,,,21,,0,0,447.09
3,1772943064231,rest_screen,rest,17,53,2,3,5,265,BUBBLE,S,LOOSE,,,,-1,,0,0,447.09
3,1772943064705,block_start,running,17,54,3,3,0,265,BUBBLE,S,LOOSE,,,,-1,,0,0,447.09
3,1772943064705,trial_start,running,17,54,3,3,1,266,BUBBLE,S,LOOSE,,,,13,,0,0,0
3,1772943065599,trial_success,running,17,54,3,3,1,266,BUBBLE,S,LOOSE,51,415.625,13,13,1,0,0,977.343
3,1772943065599,trial_start,running,17,54,3,3,2,267,BUBBLE,S,LOOSE,,,,21,,0,0,0
3,1772943066257,trial_success,running,17,54,3,3,2,267,BUBBLE,S,LOOSE,578,52.625,21,21,1,0,0,800.936
3,1772943066257,trial_start,running,17,54,3,3,3,268,BUBBLE,S,LOOSE,,,,3,,0,0,0
3,1772943066920,trial_success,running,17,54,3,3,3,268,BUBBLE,S,LOOSE,582,451.625,3,3,1,0,0,547.492
3,1772943066920,trial_start,running,17,54,3,3,4,269,BUBBLE,S,LOOSE,,,,24,,0,0,0
3,1772943067664,trial_success,running,17,54,3,3,4,269,BUBBLE,S,LOOSE,369,421.625,24,24,1,0,0,704.532
3,1772943067664,trial_start,running,17,54,3,3,5,270,BUBBLE,S,LOOSE,,,,21,,0,0,0
3,1772943068282,trial_success,running,17,54,3,3,5,270,BUBBLE,S,LOOSE,576,52.625,21,21,1,0,0,591.192
3,1772943068282,block_end,running,17,54,3,3,5,270,BUBBLE,S,LOOSE,,,,21,,0,0,591.192
3,1772943068282,rest_screen,rest,17,54,3,3,5,270,BUBBLE,S,LOOSE,,,,-1,,0,0,591.192
3,1772943068692,block_start,running,18,55,1,3,0,270,POINT,S,LOOSE,,,,-1,,0,0,591.192
3,1772943068692,trial_start,running,18,55,1,3,1,271,POINT,S,LOOSE,,,,18,,0,0,0
3,1772943069809,trial_success,running,18,55,1,3,1,271,POINT,S,LOOSE,177,395.625,18,18,1,0,0,693.218
3,1772943069809,trial_start,running,18,55,1,3,2,272,POINT,S,LOOSE,,,,0,,0,0,0
3,1772943070720,trial_success,running,18,55,1,3,2,272,POINT,S,LOOSE,726,473.625,0,0,1,0,0,702.724
3,1772943070720,trial_start,running,18,55,1,3,3,273,POINT,S,LOOSE,,,,16,,0,0,0
3,1772943071541,trial_success,running,18,55,1,3,3,273,POINT,S,LOOSE,174,115.625,16,16,1,0,0,847.434
3,1772943071541,trial_start,running,18,55,1,3,4,274,POINT,S,LOOSE,,,,19,,0,0,0
3,1772943072294,trial_success,running,18,55,1,3,4,274,POINT,S,LOOSE,108,348.625,19,19,1,0,0,788.966
3,1772943072294,trial_start,running,18,55,1,3,5,275,POINT,S,LOOSE,,,,18,,0,0,0
3,1772943073094,trial_success,running,18,55,1,3,5,275,POINT,S,LOOSE,175,391.625,18,18,1,0,0,760.216
3,1772943073094,block_end,running,18,55,1,3,5,275,POINT,S,LOOSE,,,,18,,0,0,760.216
3,1772943073094,rest_screen,rest,18,55,1,3,5,275,POINT,S,LOOSE,,,,-1,,0,0,760.216
3,1772943073501,block_start,running,18,56,2,3,0,275,POINT,S,LOOSE,,,,-1,,0,0,760.216
3,1772943073501,trial_start,running,18,56,2,3,1,276,POINT,S,LOOSE,,,,19,,0,0,0
3,1772943074161,trial_success,running,18,56,2,3,1,276,POINT,S,LOOSE,439,374.625,19,19,1,0,0,336.381
3,1772943074161,trial_start,running,18,56,2,3,2,277,POINT,S,LOOSE,,,,16,,0,0,0
3,1772943074945,trial_error_click,running,18,56,2,3,2,277,POINT,S,LOOSE,729,43.625,-1,16,0,0,1,577.233
3,1772943075245,trial_error_click,running,18,56,2,3,2,277,POINT,S,LOOSE,736,49.625,-1,16,0,0,2,686.101
3,1772943075522,trial_success,running,18,56,2,3,2,277,POINT,S,LOOSE,724,64.625,16,16,1,0,2,707.829
3,1772943075522,trial_start,running,18,56,2,3,3,278,POINT,S,LOOSE,,,,0,,0,0,0
3,1772943076531,trial_success,running,18,56,2,3,3,278,POINT,S,LOOSE,840,325.625,0,0,1,0,0,786.049
3,1772943076531,trial_start,running,18,56,2,3,4,279,POINT,S,LOOSE,,,,12,,0,0,0
3,1772943077283,trial_success,running,18,56,2,3,4,279,POINT,S,LOOSE,697,214.625,12,12,1,0,0,991.448
3,1772943077283,trial_start,running,18,56,2,3,5,280,POINT,S,LOOSE,,,,7,,0,0,0
3,1772943077995,trial_success,running,18,56,2,3,5,280,POINT,S,LOOSE,792,234.625,7,7,1,0,0,564.307
3,1772943077995,block_end,running,18,56,2,3,5,280,POINT,S,LOOSE,,,,7,,0,0,564.307
3,1772943077995,rest_screen,rest,18,56,2,3,5,280,POINT,S,LOOSE,,,,-1,,0,0,564.307
3,1772943078305,block_start,running,18,57,3,3,0,280,POINT,S,LOOSE,,,,-1,,0,0,564.307
3,1772943078306,trial_start,running,18,57,3,3,1,281,POINT,S,LOOSE,,,,3,,0,0,0
3,1772943079116,trial_success,running,18,57,3,3,1,281,POINT,S,LOOSE,166,156.625,3,3,1,0,0,632.304
3,1772943079116,trial_start,running,18,57,3,3,2,282,POINT,S,LOOSE,,,,20,,0,0,0
3,1772943079834,trial_error_click,running,18,57,3,3,2,282,POINT,S,LOOSE,157,366.625,-1,20,0,0,1,644.973
3,1772943080271,trial_error_click,running,18,57,3,3,2,282,POINT,S,LOOSE,174,360.625,-1,20,0,0,2,1125.836
3,1772943080462,trial_error_click,running,18,57,3,3,2,282,POINT,S,LOOSE,150,355.625,-1,20,0,0,3,1157.403
3,1772943080679,trial_success,running,18,57,3,3,2,282,POINT,S,LOOSE,163,362.625,20,20,1,0,3,1176.053
3,1772943080679,trial_start,running,18,57,3,3,3,283,POINT,S,LOOSE,,,,16,,0,0,0
3,1772943081361,trial_success,running,18,57,3,3,3,283,POINT,S,LOOSE,620,302.625,16,16,1,0,0,480.643
3,1772943081361,trial_start,running,18,57,3,3,4,284,POINT,S,LOOSE,,,,24,,0,0,0
3,1772943082092,trial_error_click,running,18,57,3,3,4,284,POINT,S,LOOSE,834,63.625,-1,24,0,0,1,698.975
3,1772943082304,trial_success,running,18,57,3,3,4,284,POINT,S,LOOSE,828,67.625,24,24,1,0,1,707.803
3,1772943082304,trial_start,running,18,57,3,3,5,285,POINT,S,LOOSE,,,,2,,0,0,0
3,1772943083137,trial_success,running,18,57,3,3,5,285,POINT,S,LOOSE,672,458.625,2,2,1,0,0,715.117
3,1772943083137,block_end,running,18,57,3,3,5,285,POINT,S,LOOSE,,,,2,,0,0,715.117
3,1772943083137,rest_screen,rest,18,57,3,3,5,285,POINT,S,LOOSE,,,,-1,,0,0,715.117
3,1772943083472,block_start,running,19,58,1,3,0,285,POINT,L,TIGHT,,,,-1,,0,0,715.117
3,1772943083472,trial_start,running,19,58,1,3,1,286,POINT,L,TIGHT,,,,28,,0,0,0
3,1772943084265,trial_success,running,19,58,1,3,1,286,POINT,L,TIGHT,674,69.625,28,28,1,0,0,344.626
3,1772943084265,trial_start,running,19,58,1,3,2,287,POINT,L,TIGHT,,,,25,,0,0,0
3,1772943084950,trial_success,running,19,58,1,3,2,287,POINT,L,TIGHT,313,390.625,25,25,1,0,0,560.596
3,1772943084950,trial_start,running,19,58,1,3,3,288,POINT,L,TIGHT,,,,1,,0,0,0
3,1772943085527,trial_success,running,19,58,1,3,3,288,POINT,L,TIGHT,327,54.625,1,1,1,0,0,435.992
3,1772943085527,trial_start,running,19,58,1,3,4,289,POINT,L,TIGHT,,,,7,,0,0,0
3,1772943086187,trial_success,running,19,58,1,3,4,289,POINT,L,TIGHT,577,55.625,7,7,1,0,0,603.631
3,1772943086188,trial_start,running,19,58,1,3,5,290,POINT,L,TIGHT,,,,20,,0,0,0
3,1772943086817,trial_success,running,19,58,1,3,5,290,POINT,L,TIGHT,727,409.625,20,20,1,0,0,535.983
3,1772943086817,block_end,running,19,58,1,3,5,290,POINT,L,TIGHT,,,,20,,0,0,535.983
3,1772943086817,rest_screen,rest,19,58,1,3,5,290,POINT,L,TIGHT,,,,-1,,0,0,535.983
3,1772943087232,block_start,running,19,59,2,3,0,290,POINT,L,TIGHT,,,,-1,,0,0,535.983
3,1772943087232,trial_start,running,19,59,2,3,1,291,POINT,L,TIGHT,,,,28,,0,0,0
3,1772943087841,trial_success,running,19,59,2,3,1,291,POINT,L,TIGHT,276,357.625,28,28,1,0,0,345.94
3,1772943087841,trial_start,running,19,59,2,3,2,292,POINT,L,TIGHT,,,,16,,0,0,0
3,1772943088430,trial_error_click,running,19,59,2,3,2,292,POINT,L,TIGHT,449,112.625,-1,16,0,0,1,382.829
3,1772943088718,trial_error_click,running,19,59,2,3,2,292,POINT,L,TIGHT,423,145.625,-1,16,0,0,2,483.3
3,1772943089031,trial_success,running,19,59,2,3,2,292,POINT,L,TIGHT,442,142.625,16,16,1,0,2,510.193
3,1772943089031,trial_start,running,19,59,2,3,3,293,POINT,L,TIGHT,,,,23,,0,0,0
3,1772943089706,trial_success,running,19,59,2,3,3,293,POINT,L,TIGHT,899,109.625,23,23,1,0,0,598.836
3,1772943089706,trial_start,running,19,59,2,3,4,294,POINT,L,TIGHT,,,,13,,0,0,0
3,1772943090371,trial_success,running,19,59,2,3,4,294,POINT,L,TIGHT,385,442.625,13,13,1,0,0,715.22
3,1772943090371,trial_start,running,19,59,2,3,5,295,POINT,L,TIGHT,,,,14,,0,0,0
3,1772943090610,trial_error_click,running,19,59,2,3,5,295,POINT,L,TIGHT,499,288.625,-1,14,0,0,1,391.128
3,1772943091047,trial_success,running,19,59,2,3,5,295,POINT,L,TIGHT,735,253.625,14,14,1,0,1,645.598
3,1772943091047,block_end,running,19,59,2,3,5,295,POINT,L,TIGHT,,,,14,,0,1,645.598
3,1772943091047,rest_screen,rest,19,59,2,3,5,295,POINT,L,TIGHT,,,,-1,,0,1,645.598
3,1772943091534,block_start,running,19,60,3,3,0,295,POINT,L,TIGHT,,,,-1,,0,1,645.598
3,1772943091534,trial_start,running,19,60,3,3,1,296,POINT,L,TIGHT,,,,8,,0,0,0
3,1772943092175,trial_success,running,19,60,3,3,1,296,POINT,L,TIGHT,683,388.625,8,8,1,0,0,394.198
3,1772943092175,trial_start,running,19,60,3,3,2,297,POINT,L,TIGHT,,,,7,,0,0,0
3,1772943092823,trial_success,running,19,60,3,3,2,297,POINT,L,TIGHT,659,436.625,7,7,1,0,0,595.625
3,1772943092823,trial_start,running,19,60,3,3,3,298,POINT,L,TIGHT,,,,20,,0,0,0
3,1772943093372,trial_success,running,19,60,3,3,3,298,POINT,L,TIGHT,615,336.625,20,20,1,0,0,524.715
3,1772943093372,trial_start,running,19,60,3,3,4,299,POINT,L,TIGHT,,,,7,,0,0,0
3,1772943094006,trial_success,running,19,60,3,3,4,299,POINT,L,TIGHT,644,446.625,7,7,1,0,0,270.202
3,1772943094006,trial_start,running,19,60,3,3,5,300,POINT,L,TIGHT,,,,12,,0,0,0
3,1772943094550,trial_success,running,19,60,3,3,5,300,POINT,L,TIGHT,822,402.625,12,12,1,0,0,330.657
3,1772943094550,block_end,running,19,60,3,3,5,300,POINT,L,TIGHT,,,,12,,0,0,330.657
3,1772943094550,rest_screen,rest,19,60,3,3,5,300,POINT,L,TIGHT,,,,-1,,0,0,330.657
3,1772943095034,block_start,running,20,61,1,3,0,300,POINT,M,TIGHT,,,,-1,,0,0,330.657
3,1772943095034,trial_start,running,20,61,1,3,1,301,POINT,M,TIGHT,,,,18,,0,0,0
3,1772943095800,trial_success,running,20,61,1,3,1,301,POINT,M,TIGHT,859,110.625,18,18,1,0,0,871.399
3,1772943095800,trial_start,running,20,61,1,3,2,302,POINT,M,TIGHT,,,,5,,0,0,0
3,1772943096620,trial_error_click,running,20,61,1,3,2,302,POINT,M,TIGHT,482,34.625,-1,5,0,0,1,696.29
3,1772943096836,trial_success,running,20,61,1,3,2,302,POINT,M,TIGHT,465,37.625,5,5,1,0,1,726.011
3,1772943096836,trial_start,running,20,61,1,3,3,303,POINT,M,TIGHT,,,,11,,0,0,0
3,1772943097569,trial_success,running,20,61,1,3,3,303,POINT,M,TIGHT,511,284.625,11,11,1,0,0,280.877
3,1772943097569,trial_start,running,20,61,1,3,4,304,POINT,M,TIGHT,,,,4,,0,0,0
3,1772943098313,trial_success,running,20,61,1,3,4,304,POINT,M,TIGHT,39,119.625,4,4,1,0,0,832.521
3,1772943098313,trial_start,running,20,61,1,3,5,305,POINT,M,TIGHT,,,,3,,0,0,0
3,1772943098978,trial_success,running,20,61,1,3,5,305,POINT,M,TIGHT,594,38.625,3,3,1,0,0,756.417
3,1772943098978,block_end,running,20,61,1,3,5,305,POINT,M,TIGHT,,,,3,,0,0,756.417
3,1772943098978,rest_screen,rest,20,61,1,3,5,305,POINT,M,TIGHT,,,,-1,,0,0,756.417
3,1772943099364,block_start,running,20,62,2,3,0,305,POINT,M,TIGHT,,,,-1,,0,0,756.417
3,1772943099364,trial_start,running,20,62,2,3,1,306,POINT,M,TIGHT,,,,23,,0,0,0
3,1772943099985,trial_success,running,20,62,2,3,1,306,POINT,M,TIGHT,606,346.625,23,23,1,0,0,392.258
3,1772943099985,trial_start,running,20,62,2,3,2,307,POINT,M,TIGHT,,,,4,,0,0,0
3,1772943100708,trial_success,running,20,62,2,3,2,307,POINT,M,TIGHT,110,265.625,4,4,1,0,0,614.692
3,1772943100708,trial_start,running,20,62,2,3,3,308,POINT,M,TIGHT,,,,25,,0,0,0
3,1772943101494,trial_success,running,20,62,2,3,3,308,POINT,M,TIGHT,113,435.625,25,25,1,0,0,461.709
3,1772943101494,trial_start,running,20,62,2,3,4,309,POINT,M,TIGHT,,,,14,,0,0,0
3,1772943102197,trial_success,running,20,62,2,3,4,309,POINT,M,TIGHT,208,96.625,14,14,1,0,0,897.093
3,1772943102197,trial_start,running,20,62,2,3,5,310,POINT,M,TIGHT,,,,16,,0,0,0
3,1772943102931,trial_success,running,20,62,2,3,5,310,POINT,M,TIGHT,877,117.625,16,16,1,0,0,896.539
3,1772943102931,block_end,running,20,62,2,3,5,310,POINT,M,TIGHT,,,,16,,0,0,896.539
3,1772943102931,rest_screen,rest,20,62,2,3,5,310,POINT,M,TIGHT,,,,-1,,0,0,896.539
3,1772943103068,block_start,running,20,63,3,3,0,310,POINT,M,TIGHT,,,,-1,,0,0,896.539
3,1772943103068,trial_start,running,20,63,3,3,1,311,POINT,M,TIGHT,,,,27,,0,0,0
3,1772943103744,trial_success,running,20,63,3,3,1,311,POINT,M,TIGHT,406,249.625,27,27,1,0,0,714.237
3,1772943103744,trial_start,running,20,63,3,3,2,312,POINT,M,TIGHT,,,,24,,0,0,0
3,1772943104391,trial_error_click,running,20,63,3,3,2,312,POINT,M,TIGHT,512,65.625,-1,24,0,0,1,408.791
3,1772943105137,trial_success,running,20,63,3,3,2,312,POINT,M,TIGHT,512,73.625,24,24,1,0,1,790.024
3,1772943105137,trial_start,running,20,63,3,3,3,313,POINT,M,TIGHT,,,,7,,0,0,0
3,1772943105767,trial_success,running,20,63,3,3,3,313,POINT,M,TIGHT,671,367.625,7,7,1,0,0,356.622
3,1772943105767,trial_start,running,20,63,3,3,4,314,POINT,M,TIGHT,,,,3,,0,0,0
3,1772943106401,trial_success,running,20,63,3,3,4,314,POINT,M,TIGHT,262,302.625,3,3,1,0,0,502.133
3,1772943106401,trial_start,running,20,63,3,3,5,315,POINT,M,TIGHT,,,,26,,0,0,0
3,1772943106985,trial_error_click,running,20,63,3,3,5,315,POINT,M,TIGHT,384,65.625,-1,26,0,0,1,403.19
3,1772943107214,trial_success,running,20,63,3,3,5,315,POINT,M,TIGHT,383,86.625,26,26,1,0,1,433.804
3,1772943107214,block_end,running,20,63,3,3,5,315,POINT,M,TIGHT,,,,26,,0,1,433.804
3,1772943107214,rest_screen,rest,20,63,3,3,5,315,POINT,M,TIGHT,,,,-1,,0,1,433.804
3,1772943107757,block_start,running,21,64,1,3,0,315,POINT,S,MED,,,,-1,,0,1,433.804
3,1772943107757,trial_start,running,21,64,1,3,1,316,POINT,S,MED,,,,25,,0,0,0
3,1772943108649,trial_success,running,21,64,1,3,1,316,POINT,S,MED,461,244.625,25,25,1,0,0,108.244
3,1772943108649,trial_start,running,21,64,1,3,2,317,POINT,S,MED,,,,6,,0,0,0
3,1772943109493,trial_success,running,21,64,1,3,2,317,POINT,S,MED,575,99.625,6,6,1,0,0,240.062
3,1772943109493,trial_start,running,21,64,1,3,3,318,POINT,S,MED,,,,25,,0,0,0
3,1772943110243,trial_error_click,running,21,64,1,3,3,318,POINT,S,MED,473,235.625,-1,25,0,0,1,270.151
3,1772943110507,trial_success,running,21,64,1,3,3,318,POINT,S,MED,465,246.625,25,25,1,0,1,286.222
3,1772943110507,trial_start,running,21,64,1,3,4,319,POINT,S,MED,,,,6,,0,0,0
3,1772943111186,trial_success,running,21,64,1,3,4,319,POINT,S,MED,572,98.625,6,6,1,0,0,288.063
3,1772943111186,trial_start,running,21,64,1,3,5,320,POINT,S,MED,,,,13,,0,0,0
3,1772943111917,trial_error_click,running,21,64,1,3,5,320,POINT,S,MED,515,330.625,-1,13,0,0,1,298.882
3,1772943112401,trial_success,running,21,64,1,3,5,320,POINT,S,MED,516,347.625,13,13,1,0,1,522.882
3,1772943112401,block_end,running,21,64,1,3,5,320,POINT,S,MED,,,,13,,0,1,522.882
3,1772943112401,rest_screen,rest,21,64,1,3,5,320,POINT,S,MED,,,,-1,,0,1,522.882
3,1772943112819,block_start,running,21,65,2,3,0,320,POINT,S,MED,,,,-1,,0,1,522.882
3,1772943112819,trial_start,running,21,65,2,3,1,321,POINT,S,MED,,,,18,,0,0,0
3,1772943113681,trial_success,running,21,65,2,3,1,321,POINT,S,MED,123,96.625,18,18,1,0,0,534.149
3,1772943113681,trial_start,running,21,65,2,3,2,322,POINT,S,MED,,,,12,,0,0,0
3,1772943114592,trial_success,running,21,65,2,3,2,322,POINT,S,MED,672,109.625,12,12,1,0,0,666.815
3,1772943114592,trial_start,running,21,65,2,3,3,323,POINT,S,MED,,,,27,,0,0,0
3,1772943114765,trial_error_click,running,21,65,2,3,3,323,POINT,S,MED,682,107.625,12,27,0,1,0,9.828
3,1772943115417,trial_error_click,running,21,65,2,3,3,323,POINT,S,MED,328,89.625,-1,27,0,1,1,405.585
3,1772943115977,trial_success,running,21,65,2,3,3,323,POINT,S,MED,349,95.625,27,27,1,1,1,723.106
3,1772943115977,trial_start,running,21,65,2,3,4,324,POINT,S,MED,,,,17,,0,0,0
3,1772943116832,trial_error_click,running,21,65,2,3,4,324,POINT,S,MED,897,136.625,-1,17,0,0,1,605.659
3,1772943117238,trial_success,running,21,65,2,3,4,324,POINT,S,MED,877,133.625,17,17,1,0,1,634.901
3,1772943117238,trial_start,running,21,65,2,3,5,325,POINT,S,MED,,,,29,,0,0,0
3,1772943118011,trial_error_click,running,21,65,2,3,5,325,POINT,S,MED,627,132.625,-1,29,0,0,1,770.937
3,1772943118349,trial_success,running,21,65,2,3,5,325,POINT,S,MED,613,145.625,29,29,1,0,1,795.008
3,1772943118349,block_end,running,21,65,2,3,5,325,POINT,S,MED,,,,29,,0,1,795.008
3,1772943118349,rest_screen,rest,21,65,2,3,5,325,POINT,S,MED,,,,-1,,0,1,795.008
3,1772943118883,block_start,running,21,66,3,3,0,325,POINT,S,MED,,,,-1,,0,1,795.008
3,1772943118883,trial_start,running,21,66,3,3,1,326,POINT,S,MED,,,,21,,0,0,0
3,1772943119723,trial_error_click,running,21,66,3,3,1,326,POINT,S,MED,559,413.625,-1,21,0,0,1,572.501
3,1772943119993,trial_success,running,21,66,3,3,1,326,POINT,S,MED,560,426.625,21,21,1,0,1,594.744
3,1772943119993,trial_start,running,21,66,3,3,2,327,POINT,S,MED,,,,14,,0,0,0
3,1772943120729,trial_success,running,21,66,3,3,2,327,POINT,S,MED,651,336.625,14,14,1,0,0,144.235
3,1772943120729,trial_start,running,21,66,3,3,3,328,POINT,S,MED,,,,15,,0,0,0
3,1772943121449,trial_success,running,21,66,3,3,3,328,POINT,S,MED,217,215.625,15,15,1,0,0,508.316
3,1772943121449,trial_start,running,21,66,3,3,4,329,POINT,S,MED,,,,18,,0,0,0
3,1772943122487,trial_success,running,21,66,3,3,4,329,POINT,S,MED,815,379.625,18,18,1,0,0,813.738
3,1772943122487,trial_start,running,21,66,3,3,5,330,POINT,S,MED,,,,0,,0,0,0
3,1772943123369,trial_success,running,21,66,3,3,5,330,POINT,S,MED,184,39.625,0,0,1,0,0,1008.728
3,1772943123369,block_end,running,21,66,3,3,5,330,POINT,S,MED,,,,0,,0,0,1008.728
3,1772943123369,rest_screen,rest,21,66,3,3,5,330,POINT,S,MED,,,,-1,,0,0,1008.728
3,1772943123812,block_start,running,22,67,1,3,0,330,POINT,S,TIGHT,,,,-1,,0,0,1008.728
3,1772943123812,trial_start,running,22,67,1,3,1,331,POINT,S,TIGHT,,,,1,,0,0,0
3,1772943124816,trial_success,running,22,67,1,3,1,331,POINT,S,TIGHT,153,390.625,1,1,1,0,0,674.3
3,1772943124816,trial_start,running,22,67,1,3,2,332,POINT,S,TIGHT,,,,21,,0,0,0
3,1772943125764,trial_success,running,22,67,1,3,2,332,POINT,S,TIGHT,668,453.625,21,21,1,0,0,555.834
3,1772943125764,trial_start,running,22,67,1,3,3,333,POINT,S,TIGHT,,,,25,,0,0,0
3,1772943126526,trial_success,running,22,67,1,3,3,333,POINT,S,TIGHT,683,120.625,25,25,1,0,0,558.793
3,1772943126526,trial_start,running,22,67,1,3,4,334,POINT,S,TIGHT,,,,8,,0,0,0
3,1772943127266,trial_success,running,22,67,1,3,4,334,POINT,S,TIGHT,508,375.625,8,8,1,0,0,574.437
3,1772943127266,trial_start,running,22,67,1,3,5,335,POINT,S,TIGHT,,,,18,,0,0,0
3,1772943128092,trial_success,running,22,67,1,3,5,335,POINT,S,TIGHT,351,411.625,18,18,1,0,0,440.108
3,1772943128092,block_end,running,22,67,1,3,5,335,POINT,S,TIGHT,,,,18,,0,0,440.108
3,1772943128092,rest_screen,rest,22,67,1,3,5,335,POINT,S,TIGHT,,,,-1,,0,0,440.108
3,1772943128439,block_start,running,22,68,2,3,0,335,POINT,S,TIGHT,,,,-1,,0,0,440.108
3,1772943128439,trial_start,running,22,68,2,3,1,336,POINT,S,TIGHT,,,,18,,0,0,0
3,1772943129273,trial_success,running,22,68,2,3,1,336,POINT,S,TIGHT,27,36.625,18,18,1,0,0,649.804
3,1772943129273,trial_start,running,22,68,2,3,2,337,POINT,S,TIGHT,,,,26,,0,0,0
3,1772943129983,trial_success,running,22,68,2,3,2,337,POINT,S,TIGHT,553,335.625,26,26,1,0,0,789.551
3,1772943129983,trial_start,running,22,68,2,3,3,338,POINT,S,TIGHT,,,,24,,0,0,0
3,1772943130635,trial_success,running,22,68,2,3,3,338,POINT,S,TIGHT,830,198.625,24,24,1,0,0,631.256
3,1772943130635,trial_start,running,22,68,2,3,4,339,POINT,S,TIGHT,,,,4,,0,0,0
3,1772943131376,trial_success,running,22,68,2,3,4,339,POINT,S,TIGHT,643,219.625,4,4,1,0,0,885.41
3,1772943131376,trial_start,running,22,68,2,3,5,340,POINT,S,TIGHT,,,,15,,0,0,0
3,1772943132069,trial_success,running,22,68,2,3,5,340,POINT,S,TIGHT,485,317.625,15,15,1,0,0,577.722
3,1772943132069,block_end,running,22,68,2,3,5,340,POINT,S,TIGHT,,,,15,,0,0,577.722
3,1772943132069,rest_screen,rest,22,68,2,3,5,340,POINT,S,TIGHT,,,,-1,,0,0,577.722
3,1772943132492,block_start,running,22,69,3,3,0,340,POINT,S,TIGHT,,,,-1,,0,0,577.722
3,1772943132492,trial_start,running,22,69,3,3,1,341,POINT,S,TIGHT,,,,17,,0,0,0
3,1772943133412,trial_success,running,22,69,3,3,1,341,POINT,S,TIGHT,816,402.625,17,17,1,0,0,1130.063
3,1772943133412,trial_start,running,22,69,3,3,2,342,POINT,S,TIGHT,,,,22,,0,0,0
3,1772943134263,trial_success,running,22,69,3,3,2,342,POINT,S,TIGHT,502,390.625,22,22,1,0,0,790.273
3,1772943134263,trial_start,running,22,69,3,3,3,343,POINT,S,TIGHT,,,,18,,0,0,0
3,1772943134995,trial_success,running,22,69,3,3,3,343,POINT,S,TIGHT,593,432.625,18,18,1,0,0,715.227
3,1772943134995,trial_start,running,22,69,3,3,4,344,POINT,S,TIGHT,,,,28,,0,0,0
3,1772943135777,trial_success,running,22,69,3,3,4,344,POINT,S,TIGHT,216,375.625,28,28,1,0,0,553.449
3,1772943135777,trial_start,running,22,69,3,3,5,345,POINT,S,TIGHT,,,,23,,0,0,0
3,1772943136529,trial_success,running,22,69,3,3,5,345,POINT,S,TIGHT,829,278.625,23,23,1,0,0,766.702
3,1772943136529,block_end,running,22,69,3,3,5,345,POINT,S,TIGHT,,,,23,,0,0,766.702
3,1772943136529,rest_screen,rest,22,69,3,3,5,345,POINT,S,TIGHT,,,,-1,,0,0,766.702
3,1772943136878,block_start,running,23,70,1,3,0,345,POINT,L,LOOSE,,,,-1,,0,0,766.702
3,1772943136878,trial_start,running,23,70,1,3,1,346,POINT,L,LOOSE,,,,29,,0,0,0
3,1772943137672,trial_success,running,23,70,1,3,1,346,POINT,L,LOOSE,79,270.625,29,29,1,0,0,899.994
3,1772943137672,trial_start,running,23,70,1,3,2,347,POINT,L,LOOSE,,,,28,,0,0,0
3,1772943138238,trial_success,running,23,70,1,3,2,347,POINT,L,LOOSE,199,429.625,28,28,1,0,0,400.748
3,1772943138239,trial_start,running,23,70,1,3,3,348,POINT,L,LOOSE,,,,18,,0,0,0
3,1772943138823,trial_error_click,running,23,70,1,3,3,348,POINT,L,LOOSE,426,102.625,-1,18,0,0,1,678.86
3,1772943139033,trial_success,running,23,70,1,3,3,348,POINT,L,LOOSE,409,119.625,18,18,1,0,1,705.378
3,1772943139033,trial_start,running,23,70,1,3,4,349,POINT,L,LOOSE,,,,17,,0,0,0
3,1772943139723,trial_error_click,running,23,70,1,3,4,349,POINT,L,LOOSE,800,417.625,-1,17,0,0,1,629.962
3,1772943139934,trial_success,running,23,70,1,3,4,349,POINT,L,LOOSE,820,422.625,17,17,1,0,1,650.995
3,1772943139934,trial_start,running,23,70,1,3,5,350,POINT,L,LOOSE,,,,27,,0,0,0
3,1772943140492,trial_success,running,23,70,1,3,5,350,POINT,L,LOOSE,313,170.625,27,27,1,0,0,616.042
3,1772943140492,block_end,running,23,70,1,3,5,350,POINT,L,LOOSE,,,,27,,0,0,616.042
3,1772943140492,rest_screen,rest,23,70,1,3,5,350,POINT,L,LOOSE,,,,-1,,0,0,616.042
3,1772943140664,block_start,running,23,71,2,3,0,350,POINT,L,LOOSE,,,,-1,,0,0,616.042
3,1772943140664,trial_start,running,23,71,2,3,1,351,POINT,L,LOOSE,,,,3,,0,0,0
3,1772943141413,trial_success,running,23,71,2,3,1,351,POINT,L,LOOSE,762,130.625,3,3,1,0,0,659.316
3,1772943141413,trial_start,running,23,71,2,3,2,352,POINT,L,LOOSE,,,,2,,0,0,0
3,1772943141962,trial_error_click,running,23,71,2,3,2,352,POINT,L,LOOSE,449,314.625,-1,2,0,0,1,558.374
3,1772943142361,trial_success,running,23,71,2,3,2,352,POINT,L,LOOSE,416,328.625,2,2,1,0,1,880.011
3,1772943142361,trial_start,running,23,71,2,3,3,353,POINT,L,LOOSE,,,,13,,0,0,0
3,1772943142997,trial_success,running,23,71,2,3,3,353,POINT,L,LOOSE,149,286.625,13,13,1,0,0,561.667
3,1772943142997,trial_start,running,23,71,2,3,4,354,POINT,L,LOOSE,,,,19,,0,0,0
3,1772943143778,trial_success,running,23,71,2,3,4,354,POINT,L,LOOSE,506,236.625,19,19,1,0,0,610.884
3,1772943143778,trial_start,running,23,71,2,3,5,355,POINT,L,LOOSE,,,,13,,0,0,0
3,1772943144498,trial_success,running,23,71,2,3,5,355,POINT,L,LOOSE,132,292.625,13,13,1,0,0,557.723
3,1772943144498,block_end,running,23,71,2,3,5,355,POINT,L,LOOSE,,,,13,,0,0,557.723
3,1772943144498,rest_screen,rest,23,71,2,3,5,355,POINT,L,LOOSE,,,,-1,,0,0,557.723
3,1772943144910,block_start,running,23,72,3,3,0,355,POINT,L,LOOSE,,,,-1,,0,0,557.723
3,1772943144910,trial_start,running,23,72,3,3,1,356,POINT,L,LOOSE,,,,21,,0,0,0
3,1772943145715,trial_success,running,23,72,3,3,1,356,POINT,L,LOOSE,895,366.625,21,21,1,0,0,877.59
3,1772943145715,trial_start,running,23,72,3,3,2,357,POINT,L,LOOSE,,,,9,,0,0,0
3,1772943146322,trial_success,running,23,72,3,3,2,357,POINT,L,LOOSE,728,267.625,9,9,1,0,0,584.01
3,1772943146322,trial_start,running,23,72,3,3,3,358,POINT,L,LOOSE,,,,6,,0,0,0
3,1772943147040,trial_success,running,23,72,3,3,3,358,POINT,L,LOOSE,219,185.625,6,6,1,0,0,936.78
3,1772943147040,trial_start,running,23,72,3,3,4,359,POINT,L,LOOSE,,,,11,,0,0,0
3,1772943147736,trial_success,running,23,72,3,3,4,359,POINT,L,LOOSE,77,342.625,11,11,1,0,0,493.026
3,1772943147736,trial_start,running,23,72,3,3,5,360,POINT,L,LOOSE,,,,12,,0,0,0
3,1772943148380,trial_success,running,23,72,3,3,5,360,POINT,L,LOOSE,331,457.625,12,12,1,0,0,575.447
3,1772943148380,block_end,running,23,72,3,3,5,360,POINT,L,LOOSE,,,,12,,0,0,575.447
3,1772943148380,rest_screen,rest,23,72,3,3,5,360,POINT,L,LOOSE,,,,-1,,0,0,575.447
3,1772943148734,block_start,running,24,73,1,3,0,360,POINT,M,MED,,,,-1,,0,0,575.447
3,1772943148734,trial_start,running,24,73,1,3,1,361,POINT,M,MED,,,,6,,0,0,0
3,1772943149509,trial_success,running,24,73,1,3,1,361,POINT,M,MED,890,320.625,6,6,1,0,0,846.721
3,1772943149509,trial_start,running,24,73,1,3,2,362,POINT,M,MED,,,,5,,0,0,0
3,1772943150286,trial_success,running,24,73,1,3,2,362,POINT,M,MED,163,142.625,5,5,1,0,0,995.854
3,1772943150286,trial_start,running,24,73,1,3,3,363,POINT,M,MED,,,,23,,0,0,0
3,1772943151055,trial_success,running,24,73,1,3,3,363,POINT,M,MED,804,317.625,23,23,1,0,0,704.887
3,1772943151055,trial_start,running,24,73,1,3,4,364,POINT,M,MED,,,,26,,0,0,0
3,1772943151805,trial_success,running,24,73,1,3,4,364,POINT,M,MED,906,152.625,26,26,1,0,0,795.553
3,1772943151805,trial_start,running,24,73,1,3,5,365,POINT,M,MED,,,,17,,0,0,0
3,1772943152519,trial_success,running,24,73,1,3,5,365,POINT,M,MED,749,365.625,17,17,1,0,0,537.641
3,1772943152519,block_end,running,24,73,1,3,5,365,POINT,M,MED,,,,17,,0,0,537.641
3,1772943152519,rest_screen,rest,24,73,1,3,5,365,POINT,M,MED,,,,-1,,0,0,537.641
3,1772943152905,block_start,running,24,74,2,3,0,365,POINT,M,MED,,,,-1,,0,0,537.641
3,1772943152905,trial_start,running,24,74,2,3,1,366,POINT,M,MED,,,,29,,0,0,0
3,1772943153948,trial_success,running,24,74,2,3,1,366,POINT,M,MED,26,89.625,29,29,1,0,0,890.689
3,1772943153949,trial_start,running,24,74,2,3,2,367,POINT,M,MED,,,,23,,0,0,0
3,1772943154776,trial_success,running,24,74,2,3,2,367,POINT,M,MED,559,474.625,23,23,1,0,0,1009.622
3,1772943154776,trial_start,running,24,74,2,3,3,368,POINT,M,MED,,,,5,,0,0,0
3,1772943155409,trial_success,running,24,74,2,3,3,368,POINT,M,MED,712,350.625,5,5,1,0,0,241.056
3,1772943155409,trial_start,running,24,74,2,3,4,369,POINT,M,MED,,,,21,,0,0,0
3,1772943156261,trial_success,running,24,74,2,3,4,369,POINT,M,MED,85,470.625,21,21,1,0,0,710.253
3,1772943156261,trial_start,running,24,74,2,3,5,370,POINT,M,MED,,,,1,,0,0,0
3,1772943157040,trial_success,running,24,74,2,3,5,370,POINT,M,MED,149,43.625,1,1,1,0,0,721.966
3,1772943157040,block_end,running,24,74,2,3,5,370,POINT,M,MED,,,,1,,0,0,721.966
3,1772943157040,rest_screen,rest,24,74,2,3,5,370,POINT,M,MED,,,,-1,,0,0,721.966
3,1772943160200,block_start,running,24,75,3,3,0,370,POINT,M,MED,,,,-1,,0,0,721.966
3,1772943160200,trial_start,running,24,75,3,3,1,371,POINT,M,MED,,,,22,,0,0,0
3,1772943160917,trial_success,running,24,75,3,3,1,371,POINT,M,MED,192,94.625,22,22,1,0,0,659.721
3,1772943160917,trial_start,running,24,75,3,3,2,372,POINT,M,MED,,,,9,,0,0,0
3,1772943161922,trial_success,running,24,75,3,3,2,372,POINT,M,MED,144,354.625,9,9,1,0,0,1303.62
3,1772943161922,trial_start,running,24,75,3,3,3,373,POINT,M,MED,,,,20,,0,0,0
3,1772943162636,trial_success,running,24,75,3,3,3,373,POINT,M,MED,205,39.625,20,20,1,0,0,857.935
3,1772943162636,trial_start,running,24,75,3,3,4,374,POINT,M,MED,,,,0,,0,0,0
3,1772943163653,trial_success,running,24,75,3,3,4,374,POINT,M,MED,351,333.625,0,0,1,0,0,973.016
3,1772943163653,trial_start,running,24,75,3,3,5,375,POINT,M,MED,,,,10,,0,0,0
3,1772943164312,trial_success,running,24,75,3,3,5,375,POINT,M,MED,812,371.625,10,10,1,0,0,648.253
3,1772943164312,block_end,running,24,75,3,3,5,375,POINT,M,MED,,,,10,,0,0,648.253
3,1772943164312,rest_screen,rest,24,75,3,3,5,375,POINT,M,MED,,,,-1,,0,0,648.253
3,1772943164701,block_start,running,25,76,1,3,0,375,POINT,L,MED,,,,-1,,0,0,648.253
3,1772943164701,trial_start,running,25,76,1,3,1,376,POINT,L,MED,,,,2,,0,0,0
3,1772943165450,trial_success,running,25,76,1,3,1,376,POINT,L,MED,82,414.625,2,2,1,0,0,477.05
3,1772943165450,trial_start,running,25,76,1,3,2,377,POINT,L,MED,,,,13,,0,0,0
3,1772943166203,trial_success,running,25,76,1,3,2,377,POINT,L,MED,812,91.625,13,13,1,0,0,942.184
3,1772943166203,trial_start,running,25,76,1,3,3,378,POINT,L,MED,,,,26,,0,0,0
3,1772943166773,trial_success,running,25,76,1,3,3,378,POINT,L,MED,874,189.625,26,26,1,0,0,586
3,1772943166773,trial_start,running,25,76,1,3,4,379,POINT,L,MED,,,,20,,0,0,0
3,1772943167387,trial_success,running,25,76,1,3,4,379,POINT,L,MED,623,356.625,20,20,1,0,0,898.731
3,1772943167387,trial_start,running,25,76,1,3,5,380,POINT,L,MED,,,,15,,0,0,0
3,1772943168041,trial_success,running,25,76,1,3,5,380,POINT,L,MED,846,309.625,15,15,1,0,0,722.038
3,1772943168041,block_end,running,25,76,1,3,5,380,POINT,L,MED,,,,15,,0,0,722.038
3,1772943168041,rest_screen,rest,25,76,1,3,5,380,POINT,L,MED,,,,-1,,0,0,722.038
3,1772943168578,block_start,running,25,77,2,3,0,380,POINT,L,MED,,,,-1,,0,0,722.038
3,1772943168578,trial_start,running,25,77,2,3,1,381,POINT,L,MED,,,,2,,0,0,0
3,1772943169128,trial_success,running,25,77,2,3,1,381,POINT,L,MED,468,322.625,2,2,1,0,0,544.367
3,1772943169128,trial_start,running,25,77,2,3,2,382,POINT,L,MED,,,,17,,0,0,0
3,1772943169697,trial_success,running,25,77,2,3,2,382,POINT,L,MED,253,374.625,17,17,1,0,0,350.381
3,1772943169697,trial_start,running,25,77,2,3,3,383,POINT,L,MED,,,,18,,0,0,0
3,1772943170261,trial_success,running,25,77,2,3,3,383,POINT,L,MED,409,222.625,18,18,1,0,0,660.506
3,1772943170261,trial_start,running,25,77,2,3,4,384,POINT,L,MED,,,,29,,0,0,0
3,1772943170834,trial_success,running,25,77,2,3,4,384,POINT,L,MED,685,279.625,29,29,1,0,0,374.684
3,1772943170834,trial_start,running,25,77,2,3,5,385,POINT,L,MED,,,,15,,0,0,0
3,1772943171566,trial_success,running,25,77,2,3,5,385,POINT,L,MED,99,303.625,15,15,1,0,0,617.387
3,1772943171566,block_end,running,25,77,2,3,5,385,POINT,L,MED,,,,15,,0,0,617.387
3,1772943171566,rest_screen,rest,25,77,2,3,5,385,POINT,L,MED,,,,-1,,0,0,617.387
3,1772943175600,block_start,running,25,78,3,3,0,385,POINT,L,MED,,,,-1,,0,0,617.387
3,1772943175600,trial_start,running,25,78,3,3,1,386,POINT,L,MED,,,,11,,0,0,0
3,1772943176882,trial_success,running,25,78,3,3,1,386,POINT,L,MED,99,376.625,11,11,1,0,0,590.243
3,1772943176882,trial_start,running,25,78,3,3,2,387,POINT,L,MED,,,,6,,0,0,0
3,1772943177689,trial_success,running,25,78,3,3,2,387,POINT,L,MED,721,170.625,6,6,1,0,0,1372.649
3,1772943177689,trial_start,running,25,78,3,3,3,388,POINT,L,MED,,,,14,,0,0,0
3,1772943178283,trial_success,running,25,78,3,3,3,388,POINT,L,MED,612,415.625,14,14,1,0,0,852.521
3,1772943178283,trial_start,running,25,78,3,3,4,389,POINT,L,MED,,,,26,,0,0,0
3,1772943178949,trial_success,running,25,78,3,3,4,389,POINT,L,MED,685,54.625,26,26,1,0,0,1112.904
3,1772943178949,trial_start,running,25,78,3,3,5,390,POINT,L,MED,,,,12,,0,0,0
3,1772943179592,trial_success,running,25,78,3,3,5,390,POINT,L,MED,504,465.625,12,12,1,0,0,569.231
3,1772943179592,block_end,running,25,78,3,3,5,390,POINT,L,MED,,,,12,,0,0,569.231
3,1772943179592,rest_screen,rest,25,78,3,3,5,390,POINT,L,MED,,,,-1,,0,0,569.231
3,1772943180001,block_start,running,26,79,1,3,0,390,POINT,M,LOOSE,,,,-1,,0,0,569.231
3,1772943180001,trial_start,running,26,79,1,3,1,391,POINT,M,LOOSE,,,,21,,0,0,0
3,1772943180648,trial_success,running,26,79,1,3,1,391,POINT,M,LOOSE,178,335.625,21,21,1,0,0,507.499
3,1772943180648,trial_start,running,26,79,1,3,2,392,POINT,M,LOOSE,,,,11,,0,0,0
3,1772943181359,trial_success,running,26,79,1,3,2,392,POINT,M,LOOSE,894,215.625,11,11,1,0,0,1007.617
3,1772943181359,trial_start,running,26,79,1,3,3,393,POINT,M,LOOSE,,,,27,,0,0,0
3,1772943181975,trial_success,running,26,79,1,3,3,393,POINT,M,LOOSE,600,250.625,27,27,1,0,0,875.657
3,1772943181975,trial_start,running,26,79,1,3,4,394,POINT,M,LOOSE,,,,1,,0,0,0
3,1772943182695,trial_success,running,26,79,1,3,4,394,POINT,M,LOOSE,23,60.625,1,1,1,0,0,818.064
3,1772943182695,trial_start,running,26,79,1,3,5,395,POINT,M,LOOSE,,,,24,,0,0,0
3,1772943183256,trial_error_click,running,26,79,1,3,5,395,POINT,M,LOOSE,412,199.625,-1,24,0,0,1,661.948
3,1772943183624,trial_success,running,26,79,1,3,5,395,POINT,M,LOOSE,444,214.625,24,24,1,0,1,784.815
3,1772943183624,block_end,running,26,79,1,3,5,395,POINT,M,LOOSE,,,,24,,0,1,784.815
3,1772943183624,rest_screen,rest,26,79,1,3,5,395,POINT,M,LOOSE,,,,-1,,0,1,784.815
3,1772943184087,block_start,running,26,80,2,3,0,395,POINT,M,LOOSE,,,,-1,,0,1,784.815
3,1772943184087,trial_start,running,26,80,2,3,1,396,POINT,M,LOOSE,,,,4,,0,0,0
3,1772943184800,trial_error_click,running,26,80,2,3,1,396,POINT,M,LOOSE,125,221.625,-1,4,0,0,1,613.852
3,1772943185179,trial_success,running,26,80,2,3,1,396,POINT,M,LOOSE,102,227.625,4,4,1,0,1,723.61
3,1772943185179,trial_start,running,26,80,2,3,2,397,POINT,M,LOOSE,,,,5,,0,0,0
3,1772943185759,trial_success,running,26,80,2,3,2,397,POINT,M,LOOSE,602,214.625,5,5,1,0,0,590.106
3,1772943185759,trial_start,running,26,80,2,3,3,398,POINT,M,LOOSE,,,,20,,0,0,0
3,1772943186413,trial_success,running,26,80,2,3,3,398,POINT,M,LOOSE,674,140.625,20,20,1,0,0,576.561
3,1772943186413,trial_start,running,26,80,2,3,4,399,POINT,M,LOOSE,,,,25,,0,0,0
3,1772943187198,trial_success,running,26,80,2,3,4,399,POINT,M,LOOSE,248,120.625,25,25,1,0,0,556.624
3,1772943187198,trial_start,running,26,80,2,3,5,400,POINT,M,LOOSE,,,,15,,0,0,0
3,1772943187870,trial_success,running,26,80,2,3,5,400,POINT,M,LOOSE,187,112.625,15,15,1,0,0,580.192
3,1772943187870,block_end,running,26,80,2,3,5,400,POINT,M,LOOSE,,,,15,,0,0,580.192
3,1772943187870,rest_screen,rest,26,80,2,3,5,400,POINT,M,LOOSE,,,,-1,,0,0,580.192
3,1772943188348,block_start,running,26,81,3,3,0,400,POINT,M,LOOSE,,,,-1,,0,0,580.192
3,1772943188348,trial_start,running,26,81,3,3,1,401,POINT,M,LOOSE,,,,7,,0,0,0
3,1772943189181,trial_success,running,26,81,3,3,1,401,POINT,M,LOOSE,315,207.625,7,7,1,0,0,665.792
3,1772943189181,trial_start,running,26,81,3,3,2,402,POINT,M,LOOSE,,,,18,,0,0,0
3,1772943189774,trial_success,running,26,81,3,3,2,402,POINT,M,LOOSE,172,183.625,18,18,1,0,0,596.681
3,1772943189774,trial_start,running,26,81,3,3,3,403,POINT,M,LOOSE,,,,0,,0,0,0
3,1772943190437,trial_success,running,26,81,3,3,3,403,POINT,M,LOOSE,672,120.625,0,0,1,0,0,576.026
3,1772943190437,trial_start,running,26,81,3,3,4,404,POINT,M,LOOSE,,,,20,,0,0,0
3,1772943191128,trial_success,running,26,81,3,3,4,404,POINT,M,LOOSE,883,222.625,20,20,1,0,0,657.626
3,1772943191128,trial_start,running,26,81,3,3,5,405,POINT,M,LOOSE,,,,15,,0,0,0
3,1772943191801,trial_success,running,26,81,3,3,5,405,POINT,M,LOOSE,470,322.625,15,15,1,0,0,512.375
3,1772943191801,block_end,running,26,81,3,3,5,405,POINT,M,LOOSE,,,,15,,0,0,512.375
3,1772943191802,study_complete,complete,26,81,3,3,5,405,POINT,M,LOOSE,,,,-1,,0,0,512.375
